name,ttm,03/31/2021,12/31/2020,09/30/2020,06/30/2020,03/31/2020,12/31/2019,09/30/2019,06/30/2019,03/31/2019,12/31/2018,09/30/2018,06/30/2018,03/31/2018,12/31/2017,09/30/2017,06/30/2017,03/31/2017,12/31/2016,09/30/2016,06/30/2016,03/31/2016,12/31/2015,09/30/2015,06/30/2015,03/31/2015,12/31/2014,09/30/2014,06/30/2014,03/31/2014,12/31/2013,09/30/2013,06/30/2013,03/31/2013,12/31/2012,09/30/2012,06/30/2012,03/31/2012,12/31/2011,09/30/2011,06/30/2011,03/31/2011,12/31/2010,09/30/2010,06/30/2010,03/31/2010,12/31/2009,09/30/2009,06/30/2009,03/31/2009,12/31/2008,09/30/2008,06/30/2008,03/31/2008,12/31/2007,09/30/2007,06/30/2007,03/31/2007,12/31/2006,09/30/2006,06/30/2006,03/31/2006,12/31/2005,09/30/2005,06/30/2005,03/31/2005,12/31/2004,09/30/2004,06/30/2004,03/31/2004,12/31/2003,09/30/2003,06/30/2003,03/31/2003,12/31/2002,09/30/2002,06/30/2002,03/31/2002,12/31/2001,09/30/2001,06/30/2001,03/31/2001,12/31/2000,09/30/2000,06/30/2000,03/31/2000,12/31/1999,09/30/1999,06/30/1999,03/31/1999,12/31/1998,09/30/1998,06/30/1998,03/31/1998,12/31/1997,09/30/1997,06/30/1997,03/31/1997,12/31/1996,09/30/1996,06/30/1996,03/31/1996,12/31/1995,09/30/1995,06/30/1995,03/31/1995,12/31/1994,09/30/1994,06/30/1994,03/31/1994,12/31/1993,09/30/1993,06/30/1993,03/31/1993,12/31/1992,09/30/1992,06/30/1992,03/31/1992,12/31/1991,09/30/1991,06/30/1991,03/31/1991,12/31/1990,09/30/1990,06/30/1990,03/31/1990,12/31/1989,09/30/1989,06/30/1989,03/31/1989,12/31/1988,09/30/1988,06/30/1988,03/31/1988,12/31/1987,09/30/1987,06/30/1987,03/31/1987,12/31/1986,09/30/1986,06/30/1986,03/31/1986,12/31/1985,09/30/1985
TotalRevenue,"5,104,193,000","1,269,857,000","1,278,637,000","1,328,484,000","1,227,215,000","1,173,021,000","1,178,949,000","1,271,029,000","1,273,659,000","1,102,912,000","1,114,367,000","1,211,661,000","1,227,272,000","1,072,064,000","1,126,149,000","1,162,526,000","1,169,291,000","865,702,000","841,560,000","849,028,000","840,384,000","625,456,000","619,716,000","618,806,000","614,683,000","453,253,000","440,638,000","457,676,000","459,473,000","388,582,000","394,337,000","434,464,000","428,979,000","383,551,000","386,700,000","419,855,000","430,693,000","377,185,000","372,859,000","405,858,000","422,893,000","359,629,000","354,376,000","395,364,000","417,361,000","347,498,000","354,420,000","374,556,000","377,749,000","336,261,000","348,375,000","381,563,000","396,003,000","337,674,000","340,640,000","367,360,000","390,443,000","337,556,000","340,576,000","370,626,000","386,624,000","333,179,000","357,721,000","358,414,000","357,780,000","306,257,000","318,708,000","321,336,000","333,711,000","282,727,000","291,763,000","325,637,000","318,165,000","275,200,000","289,227,000","333,047,000","341,119,000","283,198,000","254,347,000","266,604,000","271,678,000","230,057,000","237,452,000","258,565,000","270,933,000","228,184,000","230,951,000","260,300,000","261,000,000","220,300,000","235,200,000","248,500,000","241,400,000","203,300,000","196,500,000","219,100,000","208,200,000","178,400,000","183,600,000","204,600,000","213,600,000","172,000,000","179,500,000","203,600,000","207,900,000","171,000,000","171,000,000","188,400,000","200,700,000","163,800,000","156,300,000","181,900,000","194,500,000","154,300,000","162,900,000","170,900,000","173,900,000","148,100,000","114,500,000","123,300,000","125,100,000","101,900,000","98,000,000","115,400,000","123,200,000","94,400,000","92,800,000","101,500,000","105,200,000","84,700,000","78,500,000","86,900,000","92,100,000","70,600,000","76,900,000","95,600,000","105,100,000","76,900,000","86,900,000","98,000,000","126,500,000","78,900,000","77,300,000","93,000,000"
	OperatingRevenue,"5,104,193,000","1,269,857,000","1,278,637,000","1,328,484,000","1,227,215,000","1,173,021,000","1,178,949,000","1,271,029,000","1,273,659,000","1,102,912,000","1,114,367,000","1,211,661,000","1,227,272,000","1,072,064,000","1,126,149,000","1,162,526,000","1,169,291,000","865,702,000","841,560,000","849,028,000","840,384,000","625,456,000","619,716,000","618,806,000","614,683,000","453,253,000","440,638,000","457,676,000","459,473,000","388,582,000","394,337,000","434,464,000","428,979,000","383,551,000","386,700,000","419,855,000","430,693,000","377,185,000","372,859,000","405,858,000","422,893,000","359,629,000","354,376,000","395,364,000","417,361,000","347,498,000","354,420,000","374,556,000","377,749,000","336,261,000","348,375,000","381,563,000","396,003,000","337,674,000","340,640,000","367,360,000","390,443,000","337,556,000","340,576,000","370,626,000","386,624,000","333,179,000","357,721,000","358,414,000","357,780,000","306,257,000","318,708,000","321,336,000","333,711,000","282,727,000","291,763,000","325,637,000","318,165,000","275,200,000","289,227,000","333,047,000","341,119,000","283,198,000","254,347,000","266,604,000","271,678,000","230,057,000","237,452,000","258,565,000","270,933,000","228,184,000","230,951,000","260,300,000","261,000,000","220,300,000","235,200,000","248,500,000","241,400,000","203,300,000","196,500,000","219,100,000","208,200,000","178,400,000","183,600,000","204,600,000","213,600,000","172,000,000","179,500,000","203,600,000","207,900,000","171,000,000","171,000,000","188,400,000","200,700,000","163,800,000","156,300,000","181,900,000","194,500,000","154,300,000","162,900,000","170,900,000","173,900,000","148,100,000","114,500,000","123,300,000","125,100,000","101,900,000","98,000,000","115,400,000","123,200,000","94,400,000","92,800,000","101,500,000","105,200,000","84,700,000","78,500,000","86,900,000","92,100,000","70,600,000","76,900,000","95,600,000","105,100,000","76,900,000","86,900,000","98,000,000","126,500,000","78,900,000","77,300,000","93,000,000"
CostOfRevenue,"3,291,876,000","821,154,000","816,762,000","856,046,000","797,914,000","767,726,000","765,758,000","838,805,000","837,880,000","713,604,000","755,924,000","791,317,000","815,295,000","707,116,000","742,725,000","752,202,000","754,113,000","533,681,000","516,633,000","521,838,000","520,677,000","381,558,000","378,910,000","380,270,000","377,366,000","268,880,000","262,194,000","272,734,000","273,953,000","232,249,000","235,823,000","258,352,000","258,664,000","229,852,000","232,326,000","248,927,000","257,280,000","221,591,000","221,066,000","243,142,000","257,320,000","210,468,000","201,388,000","222,247,000","249,353,000","200,795,000","199,002,000","217,236,000","217,622,000","189,132,000","200,794,000","225,736,000","224,123,000","197,756,000","195,499,000","212,148,000","221,153,000","186,065,000","189,101,000","213,237,000","218,935,000","187,153,000","197,637,000","197,229,000","191,228,000","166,315,000","171,098,000","169,938,000","173,026,000","142,210,000","151,730,000","168,878,000","164,505,000","140,306,000","158,067,000","179,129,000","181,448,000","148,616,000","139,514,000","145,496,000","146,970,000","123,590,000","127,567,000","137,514,000","142,901,000","122,138,000","126,640,000","142,700,000","145,400,000","128,100,000","136,800,000","142,600,000","137,000,000","118,300,000","113,900,000","124,900,000","114,200,000","99,300,000","103,500,000","114,600,000","119,600,000","98,300,000","107,100,000","120,800,000","120,500,000","98,900,000","98,100,000","112,600,000","118,900,000","97,300,000","93,900,000","108,700,000","108,900,000","84,400,000","91,300,000","98,400,000","99,800,000","83,400,000","65,000,000","71,000,000","70,200,000","56,700,000","50,700,000","67,200,000","69,100,000","53,100,000","51,600,000","59,100,000","60,000,000",,,,,,,,,,,,,,,
GrossProfit,"1,812,317,000","448,703,000","461,875,000","472,438,000","429,301,000","405,295,000","413,191,000","432,224,000","435,779,000","389,308,000","358,443,000","420,344,000","411,977,000","364,948,000","383,424,000","410,324,000","415,178,000","332,021,000","324,927,000","327,190,000","319,707,000","243,898,000","240,806,000","238,536,000","237,317,000","184,373,000","178,444,000","184,942,000","185,520,000","156,333,000","158,514,000","176,112,000","170,315,000","153,699,000","154,374,000","170,928,000","173,413,000","155,594,000","151,793,000","162,716,000","165,573,000","149,161,000","152,988,000","173,117,000","168,008,000","146,703,000","155,418,000","157,320,000","160,127,000","147,129,000","147,581,000","155,827,000","171,880,000","139,918,000","145,141,000","155,212,000","169,290,000","151,491,000","151,475,000","157,389,000","167,689,000","146,026,000","160,084,000","161,185,000","166,552,000","139,942,000","147,610,000","151,398,000","160,685,000","140,517,000","140,033,000","156,759,000","153,660,000","134,894,000","131,160,000","153,918,000","159,671,000","134,582,000","114,833,000","121,108,000","124,708,000","106,467,000","109,885,000","121,051,000","128,032,000","106,046,000","104,311,000","117,600,000","115,600,000","92,200,000","98,400,000","105,900,000","104,400,000","85,000,000","82,600,000","94,200,000","94,000,000","79,100,000","80,100,000","90,000,000","94,000,000","73,700,000","72,400,000","82,800,000","87,400,000","72,100,000","72,900,000","75,800,000","81,800,000","66,500,000","62,400,000","73,200,000","85,600,000","69,900,000","71,600,000","72,500,000","74,100,000","64,700,000","49,500,000","52,300,000","54,900,000","45,200,000","47,300,000","48,200,000","54,100,000","41,300,000","41,200,000","42,400,000","45,200,000",,,,,,,,,,,,,,,
OperatingExpense,"1,437,576,000","354,519,000","368,280,000","368,594,000","346,183,000","372,474,000","373,651,000","378,378,000","368,565,000","369,154,000","345,627,000","375,940,000","392,298,000","383,945,000","384,296,000","374,194,000","367,865,000","318,413,000","304,006,000","287,389,000","264,971,000","231,497,000","225,565,000","210,851,000","199,001,000","167,471,000","164,303,000","156,496,000","154,256,000","144,217,000","157,454,000","145,912,000","143,416,000","138,211,000","140,308,000","143,490,000","144,864,000","136,961,000","136,826,000","137,752,000","137,153,000","129,982,000","137,809,000","139,455,000","138,190,000","129,044,000","139,030,000","131,024,000","129,449,000","125,988,000","134,428,000","149,384,000","135,673,000","136,243,000","136,541,000","134,972,000","136,796,000","130,942,000","132,030,000","135,557,000","138,452,000","131,876,000","143,456,000","133,094,000","132,369,000","126,716,000","132,257,000","128,207,000","130,380,000","125,017,000","124,752,000","128,202,000","126,838,000","121,838,000","118,297,000","123,049,000","126,527,000","115,192,000","105,095,000","101,049,000","103,062,000","95,892,000","103,171,000","101,729,000","103,806,000","94,101,000","93,381,000","94,500,000","92,400,000","86,200,000","84,900,000","83,800,000","79,100,000","78,600,000","73,800,000","73,700,000","69,700,000","69,400,000","73,300,000","71,400,000","69,000,000","63,500,000","62,900,000","65,500,000","65,000,000","59,300,000","63,000,000","60,100,000","61,800,000","56,300,000","52,700,000","57,000,000","65,600,000","58,400,000","60,200,000","60,500,000","60,400,000","57,900,000","44,600,000","45,000,000","44,600,000","40,700,000","41,400,000","40,300,000","42,500,000","36,900,000","36,500,000","35,700,000","36,600,000",,,,,,,,,,,,,,,
	SellingGeneralAndAdministration,"1,437,576,000","354,519,000","368,280,000","368,594,000","346,183,000","372,474,000","373,651,000","378,378,000","368,565,000","369,154,000","345,627,000","375,940,000","392,298,000","383,945,000","384,296,000","374,194,000","367,865,000","318,413,000","304,006,000","287,389,000","264,971,000","231,497,000","225,565,000","210,851,000","199,001,000","167,471,000","164,303,000","156,496,000","154,256,000","144,217,000","157,454,000","145,912,000","143,416,000","138,211,000","140,308,000","143,490,000","144,864,000","136,961,000","136,826,000","137,752,000","137,153,000","129,982,000","137,809,000","139,455,000","138,190,000","129,044,000","139,030,000","131,024,000","129,449,000","125,988,000","66,155,000","149,384,000","135,673,000","136,243,000","136,430,000","134,861,000","136,684,000","130,831,000","131,906,000","135,421,000","138,310,000","131,728,000","126,253,000","115,927,000","115,242,000","109,111,000","113,806,000","109,646,000","111,924,000","106,570,000","104,726,000","108,400,000","106,789,000","102,125,000","97,729,000","102,961,000","106,984,000","96,520,000","84,034,000","80,518,000","82,747,000","76,369,000","83,394,000","81,772,000","83,815,000","74,242,000","73,507,000","75,300,000","74,800,000","68,300,000","72,200,000","70,700,000","66,700,000","66,500,000","61,800,000","62,000,000","58,100,000","58,100,000","63,000,000","61,200,000","58,900,000","53,400,000","52,800,000","55,700,000","55,100,000","49,900,000","53,400,000","51,100,000","52,800,000","47,300,000","43,700,000","48,000,000","55,300,000","48,500,000","50,200,000","50,600,000","51,200,000","46,500,000","37,000,000","37,600,000","37,200,000","33,500,000","34,000,000","32,800,000","35,100,000","29,700,000","29,100,000","28,800,000","29,800,000",,,,,,,,,,,,,,,
	DepreciationAmortizationDepletionIncomeStatement,,,,,,,,,,,,,,,,,,,,,,,,,,,,,,,,,,,,,,,,,,,,,,,,,,,,,,,"111,000","111,000","112,000","111,000","124,000","136,000","142,000","148,000","17,203,000","17,167,000","17,127,000","17,605,000","18,451,000","18,561,000","18,456,000","18,447,000","20,026,000","19,802,000","20,049,000","19,713,000","20,568,000","20,088,000","19,543,000","18,672,000","21,061,000","20,531,000","20,315,000","19,523,000","19,777,000","19,957,000","19,991,000","19,859,000","19,874,000","19,200,000","17,600,000","17,900,000","12,700,000","13,100,000","12,400,000","12,100,000","12,000,000","11,700,000","11,600,000","11,300,000","10,300,000","10,200,000","10,100,000","10,100,000","10,100,000","9,800,000","9,900,000","9,400,000","9,600,000","9,000,000","9,000,000","9,000,000","9,000,000","9,000,000","10,300,000","9,900,000","10,000,000","9,900,000","9,200,000","11,400,000","7,600,000","7,400,000","7,400,000","7,200,000","7,400,000","7,500,000","7,400,000","7,200,000","7,400,000","6,900,000","6,800,000",,,,,,,,,,,,,,,
		DepreciationAndAmortizationInIncomeStatement,,,,,,,,,,,,,,,,,,,,,,,,,,,,,,,,,,,,,,,,,,,,,,,,,,,,,,,"111,000","111,000","112,000","111,000","124,000","136,000","142,000","148,000","17,203,000","17,167,000","17,127,000","17,605,000","18,451,000","18,561,000","18,456,000","18,447,000","20,026,000","19,802,000","20,049,000","19,713,000","20,568,000","20,088,000","19,543,000","18,672,000","21,061,000","20,531,000","20,315,000","19,523,000","19,777,000","19,957,000","19,991,000","19,859,000","19,874,000","19,200,000","17,600,000","17,900,000","12,700,000","13,100,000","12,400,000","12,100,000","12,000,000","11,700,000","11,600,000","11,300,000","10,300,000","10,200,000","10,100,000","10,100,000","10,100,000","9,800,000","9,900,000","9,400,000","9,600,000","9,000,000","9,000,000","9,000,000","9,000,000","9,000,000","10,300,000","9,900,000","10,000,000","9,900,000","9,200,000","11,400,000","7,600,000","7,400,000","7,400,000","7,200,000","7,400,000","7,500,000","7,400,000","7,200,000","7,400,000","6,900,000","6,800,000",,,,,,,,,,,,,,,
			DepreciationIncomeStatement,,,,,,,,,,,,,,,,,,,,,,,,,,,,,,,,,,,,,,,,,,,,,,,,,,,,,,,,,,,,,,,"17,046,000","17,010,000","16,970,000","17,196,000","17,690,000","17,795,000","17,661,000","17,652,000","19,232,000","18,956,000","19,282,000","19,015,000","19,828,000","19,405,000","18,857,000","17,985,000","16,926,000","16,810,000","16,595,000","15,803,000",,,,,,,,,,,,,,,,,,,,,,,,,,,,,,,,,,,,,,,,,,,,,,,,,,,,,,,,,,,,,,
			Amortization,,,,,,,,,,,,,,,,,,,,,,,,,,,,,,,,,,,,,,,,,,,,,,,,,,,,,,,"111,000","111,000","112,000","111,000","124,000","136,000","142,000","148,000","157,000","157,000","157,000","409,000","761,000","766,000","795,000","795,000","794,000","846,000","767,000","698,000","740,000","683,000","686,000","687,000","4,135,000","3,721,000","3,720,000","3,720,000",,,,,,,,,,,,,,,,,,,,,,,,,,,,,,,,,,,,,,,,,,,,,,,,,,,,,,,,,,,,,,
				AmortizationOfIntangiblesIncomeStatement,,,,,,,,,,,,,,,,,,,,,,,,,,,,,,,,,,,,,,,,,,,,,,,,,,,,,,,"111,000","111,000","112,000","111,000","124,000","136,000","142,000","148,000","157,000","157,000","157,000","409,000","761,000","766,000","795,000","795,000","794,000","846,000","767,000","698,000","740,000","683,000","686,000","687,000","4,135,000","3,721,000","3,720,000","3,720,000",,,,,,,,,,,,,,,,,,,,,,,,,,,,,,,,,,,,,,,,,,,,,,,,,,,,,,,,,,,,,,
OperatingIncome,"374,741,000","94,184,000","93,595,000","103,844,000","83,118,000","32,821,000","39,540,000","53,846,000","67,214,000","20,154,000","12,816,000","44,404,000","19,679,000","-18,997,000","-872,000","36,130,000","47,313,000","13,608,000","20,921,000","39,801,000","54,736,000","12,401,000","15,241,000","27,685,000","38,316,000","16,902,000","14,141,000","28,446,000","31,264,000","12,116,000","1,060,000","30,200,000","26,899,000","15,488,000","14,066,000","27,438,000","28,549,000","18,633,000","14,967,000","24,964,000","28,420,000","19,179,000","15,179,000","33,662,000","29,818,000","17,659,000","16,388,000","26,296,000","30,678,000","21,141,000","13,153,000","6,443,000","36,207,000","3,675,000","8,600,000","20,240,000","32,494,000","20,549,000","19,445,000","21,832,000","29,237,000","14,150,000","16,628,000","28,091,000","34,183,000","13,226,000","15,353,000","23,191,000","30,305,000","15,500,000","15,281,000","28,557,000","26,822,000","13,056,000","12,863,000","30,869,000","33,144,000","19,390,000","9,738,000","20,059,000","21,646,000","10,575,000","6,714,000","19,322,000","24,226,000","11,945,000","10,930,000","23,100,000","23,200,000","6,000,000","13,500,000","22,100,000","25,300,000","6,400,000","8,800,000","20,500,000","24,300,000","9,700,000","6,800,000","18,600,000","25,000,000","10,200,000","9,500,000","17,300,000","22,400,000","12,800,000","9,900,000","15,700,000","20,000,000","10,200,000","9,700,000","16,200,000","20,000,000","11,500,000","11,400,000","12,000,000","13,700,000","6,800,000","4,900,000","7,300,000","10,300,000","4,500,000","5,900,000","7,900,000","11,600,000","4,400,000","4,700,000","6,700,000","8,600,000","84,700,000","-216,800,000","86,900,000","92,100,000","70,600,000","-277,200,000","95,600,000","105,100,000","76,900,000","-296,200,000","98,000,000","126,500,000","78,900,000","-220,900,000","93,000,000"
NetNonOperatingInterestIncomeExpense,"-35,920,000","-8,746,000","-8,957,000","-9,033,000","-9,184,000","-9,561,000","-10,144,000","-10,965,000","-11,995,000","-12,886,000","-12,889,000","-12,827,000","-12,744,000","-12,046,000","-11,262,000","-10,697,000","-10,440,000","-9,470,000","-8,704,000","-8,452,000","-9,808,000","-9,361,000","-8,164,000","-6,686,000","-6,718,000","-7,347,000","-7,373,000","-7,333,000","-7,343,000","-7,223,000","-7,254,000","-7,361,000","-7,409,000","-7,379,000","-8,155,000","-9,033,000","-9,079,000","-9,071,000","-9,081,000","-9,087,000","-9,042,000","8,769,000","-8,674,000","-8,841,000","-8,802,000","-8,810,000","-9,320,000","-8,866,000","-9,935,000","-9,258,000",,,,,,,,,,,,,,,,,,,,,,,,,,,,,,,,,,,,,,,,,,,,,,,,,,,,,,,,,,,,,,,,,,,,,,,,,,,,,,,,,,,,,,,,,,,,,,
	InterestExpenseNonOperating,"35,920,000","8,746,000","8,957,000","9,033,000","9,184,000","9,561,000","10,144,000","10,965,000","11,995,000","12,886,000","12,889,000","12,827,000","12,744,000","12,046,000","11,262,000","10,697,000","10,440,000","9,470,000","8,704,000","8,452,000","9,808,000","9,361,000","8,164,000","6,686,000","6,718,000","7,347,000","7,373,000","7,333,000","7,343,000","7,223,000","7,254,000","7,361,000","7,409,000","7,379,000","8,155,000","9,033,000",,,,"9,087,000","9,042,000",,,"8,841,000","8,802,000","8,810,000",,"8,866,000","9,935,000","9,258,000",,,,,,,,,,,,,,,,,,,,,,,,,,,,,,,,,,,,,,,,,,,,,,,,,,,,,,,,,,,,,,,,,,,,,,,,,,,,,,,,,,,,,,,,,,,,,,
	TotalOtherFinanceCost,"45,990,000",,,,,,"10,144,000","10,965,000","11,995,000","12,886,000","12,889,000","12,827,000","12,744,000","12,046,000","11,262,000","10,697,000","10,440,000","9,470,000","8,704,000","8,452,000","9,808,000","9,361,000","8,164,000","6,686,000","6,718,000","7,347,000","7,373,000","7,333,000","7,343,000","7,223,000","7,254,000","7,361,000","7,409,000","7,379,000","8,155,000","9,033,000","9,079,000","9,071,000","9,081,000","9,087,000","9,042,000","-8,769,000",,,,,,,,,,,,,,,,,,,,,,,,,,,,,,,,,,,,,,,,,,,,,,,,,,,,,,,,,,,,,,,,,,,,,,,,,,,,,,,,,,,,,,,,,,,,,,,,,,,,,,
OtherIncomeExpense,"-45,360,000","-12,055,000","4,223,000","-21,394,000","-16,134,000","-2,298,000","-32,796,000","-20,711,000","-31,181,000","-15,851,000","-27,241,000","11,866,000","-9,818,000","4,510,000","41,265,000","5,226,000","-25,549,000","-12,246,000","27,970,000","7,325,000","-16,966,000","-17,151,000","1,438,000","18,659,000","14,885,000","-5,089,000","-1,077,000",,,,,,,,,,,,,,,,,,,,,,,,,,,,,,,,,,,,,,,,,,,,,,"-246,000","-199,000","-1,314,000","-221,000","-650,000","-899,000","-1,670,000","-924,000","-2,037,000","-1,369,000",,"4,245,000","-786,000","-1,019,000","-4,163,000","-1,100,000","-1,200,000","-1,200,000","-1,100,000","-600,000","-1,200,000","-1,200,000","-400,000","-400,000","-400,000","-400,000","-500,000","-1,300,000","-1,600,000","-1,000,000","-700,000","-1,100,000","-600,000","-1,000,000","-400,000","800,000","-300,000",,"-200,000","-400,000","-1,100,000","-600,000","-600,000","-400,000","-700,000","-500,000","-700,000","-700,000","-400,000","-700,000","-1,300,000","-700,000","-800,000","-600,000","-900,000","-400,000",,,,,,,,,,,,,,,,
	GainOnSaleOfSecurity,,,,,,,,,,,"0","10,170,000",,,"12,893,000",,,,,,,,,,,,,,,,,,,,,,,,,,,,,,,,,,,,,,,,,,,,,,,,,,,,,,,,,,,,,,,,,,,,,,,,,,,,,,,,,,,,,,,,,,,,,,,,,,,,,,,,,,,,,,,,,,,,,,,,,,,,,,,,,
	SpecialIncomeCharges,"-41,496,000","-10,998,000","3,858,000","-19,808,000","-14,548,000","-712,000","-30,771,000","-18,749,000","-29,222,000","-14,046,000","-27,183,000","2,373,000","-9,143,000",,"28,372,000","5,226,000","-25,549,000","12,246,000","0","0","-16,966,000","-17,151,000","2,011,000","22,651,000","14,885,000","-5,089,000","-1,077,000",,,,,,,,,,,,,,,,,,,,,,,,,,,,,,,,,,,,,,,,,,,,,,"-246,000","-199,000","-1,314,000","-221,000","-650,000","-899,000","-1,670,000","-924,000","-2,037,000","-1,369,000",,"4,245,000","-786,000","-1,019,000","-4,163,000","-1,100,000","-1,200,000","-1,200,000","-1,100,000","-600,000","-1,200,000","-1,200,000","-400,000","-400,000","-400,000","-400,000","-500,000","-1,300,000","-1,600,000","-1,000,000","-700,000","-1,100,000","-600,000","-1,000,000","-400,000","800,000","-300,000",,"-200,000","-400,000","-1,100,000","-600,000","-600,000","-400,000","-700,000","-500,000","-700,000","-700,000","-400,000","-700,000","-1,300,000","-700,000","-800,000","-600,000","-900,000","-400,000",,,,,,,,,,,,,,,,
		RestructuringAndMergernAcquisition,"41,496,000","10,998,000","-3,858,000","19,808,000","14,548,000","712,000","30,771,000","18,749,000","29,222,000","14,046,000","27,183,000","-2,373,000","9,143,000",,,,,,,,,,,,,,,,,,,,,,,,,,,,,,,,,,,,,,,,,,,,,,,,,,,,,,,,,,,,,,,,,,,,,,,,,,,,,,,,,,,,,,,,,,,,,,,,,,,,,,,,,,,,,,,,,,,,,,,,,,,,,,,,,,,
		ImpairmentOfCapitalAssets,,,,,,,,,,,,,,,,,,,"0",,,,"-2,011,000",,,,,,,,,,,,,,,,,,,,,,,,,,,,,,,,,,,,,,,,,,,,,,,,,,,,,,,,,,,,,,,,,,,,,,,,,,,,,,,,,,,,,,,,,,,,,,,,,,,,,,,,,,,,,,,,,,,,,,,,,
		OtherSpecialCharges,,,,,,,,,,,,,,,"-41,265,000","-5,226,000","25,549,000",,"-27,970,000","-7,325,000",,,"-1,438,000","3,992,000","-14,885,000",,,,,,,,,,,,,,,,,,,,,,,,,,,,,,,,,,,,,,,,,,,,,,,,,,,,,,,,,,,,,,,,,,,,,,,,,,,,,,,,,,,,,,,,,,,,,,,,,,,,,,,,,,,,,,,,,,,,,,,
		GainOnSaleOfBusiness,,,,,,,,,,,,,,,,,,,"0","0",,,"0","22,651,000",,,,,,,,,,,,,,,,,,,,,,,,,,,,,,,,,,,,,,,,,,,,,,,,,,,,,,,,,,,,,,,,,,,,,,,,,,,,,,,,,,,,,,,,,,,,,,,,,,,,,,,,,,,,,,,,,,,,,,,,
	OtherNonOperatingIncomeExpenses,"-3,864,000","-1,057,000","365,000","-1,586,000","-1,586,000","-1,586,000","-2,025,000","-1,962,000","-1,959,000","-1,805,000","-58,000","-677,000","-675,000","4,510,000","28,372,000","5,226,000","-25,549,000","-12,246,000","27,970,000","7,325,000","-16,966,000","-17,151,000","-573,000","-3,992,000","14,885,000","-5,089,000","-1,077,000",,,,,,,,,,,,,,,,,,,,,,,,,,,,,,,,,,,,,,,,,,,,,,,,,,,,,,,,,,,,,,,,,,,,,,,,,,,,,,,,,,,,,,,,,,,,,,,,,,,,,,,,,,,,,,,,,,,,,
PretaxIncome,"293,461,000","73,383,000","88,861,000","73,417,000","57,800,000","20,962,000","-3,400,000","22,170,000","24,038,000","-8,583,000","-27,314,000","43,443,000","-2,883,000","-26,533,000","29,131,000","30,659,000","11,324,000","-8,108,000","40,187,000","38,674,000","27,962,000","-14,111,000","8,515,000","39,658,000","46,483,000","4,466,000","5,691,000","21,113,000","23,921,000","4,893,000","-6,194,000","22,839,000","19,490,000","8,109,000","5,911,000","18,405,000","19,470,000","9,562,000","5,886,000","15,877,000","19,378,000","10,410,000","6,505,000","24,821,000","21,016,000","8,849,000","7,068,000","17,430,000","20,743,000","11,883,000","2,675,000","-3,668,000","24,898,000","-6,420,000","-2,437,000","7,995,000","19,031,000","7,650,000","6,295,000","8,246,000","15,245,000","1,374,000","2,810,000","14,885,000","19,849,000","1,208,000","2,820,000","11,007,000","17,978,000","4,745,000","4,461,000","16,711,000","14,518,000","2,370,000","-1,897,000","16,522,000","17,853,000","5,592,000","-2,009,000","8,371,000","8,280,000","-2,946,000","-6,974,000","9,997,000","9,822,000","-3,010,000","-6,514,000","8,900,000","9,500,000","-6,900,000","1,500,000","10,800,000","14,900,000","-4,000,000","-1,000,000","10,500,000","14,500,000","200,000","-1,400,000","9,800,000","15,800,000","1,500,000","800,000","7,700,000","13,400,000","3,300,000","1,300,000","8,600,000","11,800,000","2,600,000","2,300,000","8,500,000","10,600,000","2,500,000","1,100,000","2,300,000",,,,"1,300,000","4,400,000","-1,900,000","-1,500,000","1,100,000","4,500,000",,"-2,000,000","100,000","2,200,000",,,,,,,,,,,,,,,
TaxProvision,"73,602,000","20,020,000","20,032,000","18,363,000","15,187,000","5,361,000","4,864,000","6,624,000","7,182,000","-3,005,000","-1,518,000","16,493,000","-135,000","-12,971,000","-51,641,000","11,748,000","3,743,000","-3,691,000","17,368,000","13,121,000","10,638,000","-5,078,000","2,904,000","12,099,000","17,562,000","1,513,000","1,747,000","7,408,000","8,589,000","1,792,000","-2,408,000","4,756,000","7,354,000","2,440,000","2,661,000","7,191,000","7,570,000","4,467,000","3,301,000","4,892,000","7,394,000","3,941,000","2,713,000","7,610,000","7,612,000","3,714,000","4,653,000","1,043,000","7,825,000","3,060,000","1,259,000","-523,000","9,743,000","-2,085,000","-678,000","2,722,000","7,340,000","2,999,000","-2,305,000","3,305,000","6,358,000","559,000","889,000","6,093,000","8,330,000","489,000","498,000","4,899,000","7,355,000","1,950,000","911,000","2,865,000","2,618,000","963,000","-1,020,000","6,983,000","7,070,000","2,214,000","-337,000","456,000","3,271,000","-1,164,000","-2,510,000","3,599,000","3,505,000","-1,053,000","-2,255,000","3,100,000","3,300,000","-2,400,000","500,000","3,800,000","5,500,000","-1,500,000","-400,000","3,900,000","5,400,000","100,000","-600,000","3,300,000","6,300,000","600,000","0","3,100,000","5,300,000","1,300,000","300,000","3,700,000","5,100,000","1,100,000","600,000","2,800,000","4,600,000","1,200,000","2,300,000","500,000",,,,"700,000","1,700,000","-300,000","-300,000","700,000","1,500,000",,"-300,000","400,000","600,000",,,,,,,,,,,,,,,
NetIncomeCommonStockholders,"211,194,000","53,363,000","66,378,000","51,884,000","39,569,000","14,662,000","-10,170,000","13,006,000","15,370,000","-6,831,000","-26,976,000","25,164,000","-3,933,000","-14,185,000","77,922,000","17,316,000","6,348,000","-5,051,000","21,393,000","23,142,000","15,652,000","-10,041,000","4,291,000","25,553,000","26,934,000","2,224,000","2,990,000","12,132,000","13,783,000","2,449,000","-4,585,000","16,169,000","11,229,000","4,862,000","1,826,000","10,079,000","10,747,000","4,565,000","1,826,000","9,768,000","11,101,000","5,913,000","3,821,000","15,533,000","12,043,000","4,660,000","1,990,000","15,428,000","12,187,000","8,531,000","1,416,000","-3,145,000","15,155,000","-4,335,000","-1,759,000","5,273,000","11,691,000","4,651,000","8,600,000","4,941,000","8,887,000","815,000","1,921,000","8,792,000","11,519,000","719,000","2,322,000","6,108,000","10,623,000","2,795,000","3,550,000","13,846,000","11,900,000","1,407,000","-877,000","9,539,000","10,783,000","3,378,000","-1,672,000","7,915,000","5,009,000","-1,782,000","-4,464,000","6,398,000","6,317,000","-1,957,000","-4,259,000","5,800,000","6,200,000","-4,500,000","1,000,000","7,000,000","9,400,000","-2,500,000","-600,000","6,600,000","9,100,000","100,000","-800,000","6,500,000","9,500,000","900,000","-4,200,000","4,600,000","8,100,000","2,000,000","1,000,000","4,900,000","6,700,000","-700,000","1,700,000","5,700,000","6,000,000","1,300,000","-117,900,000","600,000","2,600,000","-3,600,000","1,000,000","600,000","2,500,000","-1,800,000","-1,300,000","200,000","2,900,000","-2,000,000","-1,700,000","-300,000","1,600,000",,,,,,,,,,,,,,,
	NetIncome,"211,194,000","53,363,000","66,378,000","51,884,000","39,569,000","14,662,000","-10,170,000","13,006,000","15,370,000","-6,831,000","-26,976,000","25,164,000","-3,933,000","-14,185,000","77,922,000","17,316,000","6,348,000","-5,051,000","21,393,000","23,142,000","15,652,000","-10,041,000","4,291,000","25,553,000","26,934,000","2,224,000","2,990,000","12,132,000","13,783,000","2,449,000","-4,585,000","16,169,000","11,229,000","4,862,000","1,826,000","10,079,000","10,747,000","4,565,000","1,826,000","9,768,000","11,101,000","5,913,000","3,821,000","15,533,000","12,043,000","4,660,000","1,990,000","15,428,000","12,187,000","8,531,000","1,416,000","-3,145,000","15,155,000","-4,335,000","-1,759,000","5,273,000","11,691,000","4,651,000","8,600,000","4,941,000","8,887,000","815,000","1,921,000","8,792,000","11,519,000","719,000","2,322,000","6,108,000","10,623,000","2,795,000","3,550,000","13,846,000","11,900,000","1,407,000","-877,000","9,539,000","10,783,000","3,378,000","-1,672,000","7,915,000","5,009,000","-1,782,000","-4,464,000","6,398,000","6,317,000","-1,957,000","-4,259,000","5,800,000","6,200,000","-4,500,000","1,000,000","7,000,000","9,400,000","-2,500,000","-600,000","6,600,000","9,100,000","100,000","-800,000","6,500,000","9,500,000","900,000","-4,200,000","4,600,000","8,100,000","2,000,000","1,000,000","4,900,000","6,700,000","-700,000","1,700,000","5,700,000","6,000,000","1,300,000","-117,400,000","1,800,000","3,800,000","-2,300,000","1,200,000","600,000","2,700,000","-1,600,000","-1,200,000","400,000","3,000,000","-2,000,000","-1,700,000","-300,000","1,600,000",,,,,,,,,,,,,,,
		NetIncomeIncludingNoncontrollingInterests,"219,859,000","53,363,000","68,829,000","55,054,000","42,613,000","15,601,000","-8,264,000","15,546,000","16,856,000","-5,578,000","-25,796,000","26,950,000","-2,748,000","-13,562,000","80,772,000","18,911,000","7,581,000","-4,417,000","22,819,000","25,553,000","17,324,000","-9,033,000","5,611,000","27,559,000","28,921,000","2,953,000","3,944,000","13,705,000","15,332,000","3,101,000","-3,786,000","18,083,000","12,136,000","5,669,000","3,250,000","11,214,000","11,900,000","5,095,000","2,585,000","10,985,000","11,984,000","6,469,000","3,792,000","17,211,000","13,404,000","5,135,000","2,415,000","16,387,000","12,918,000","8,823,000","2,082,000","-2,440,000","16,515,000","-4,674,000","-3,719,000","5,383,000","12,860,000","5,332,000","6,054,000","5,782,000","10,036,000","1,371,000","2,856,000","9,993,000","12,960,000","1,239,000","2,694,000","7,454,000","12,274,000","3,242,000","4,157,000","15,278,000","13,042,000","1,523,000","-1,080,000","12,211,000","13,547,000","4,137,000","-1,672,000","7,915,000","5,009,000","-1,782,000","-4,464,000","6,398,000","6,317,000","-1,957,000","-4,259,000","5,800,000","6,200,000","-4,500,000","1,000,000","7,000,000","9,400,000","-2,500,000","-600,000","6,600,000","9,100,000","100,000","-800,000","6,500,000","9,500,000","900,000","-4,200,000","4,600,000","8,100,000","2,000,000","1,000,000","4,900,000","6,700,000","-700,000","1,700,000","5,700,000","6,000,000","1,300,000","-117,400,000","1,800,000","3,800,000","-2,300,000","1,200,000","600,000","2,700,000","-1,600,000","-1,200,000","400,000","3,000,000","-2,000,000","-1,700,000","-300,000","1,600,000","-2,600,000","-3,400,000","1,100,000","3,100,000","-2,600,000","-4,800,000","200,000","-4,300,000","-12,700,000","-22,500,000","2,900,000","4,300,000","2,300,000","1,200,000","3,200,000"
			NetIncomeContinuousOperations,"219,859,000","53,363,000","68,829,000","55,054,000","42,613,000","15,601,000","-8,264,000","15,546,000","16,856,000","-5,578,000","-25,796,000","26,950,000","-2,748,000","-13,562,000","80,772,000","18,911,000","7,581,000","-4,417,000","22,819,000","25,553,000","17,324,000","-9,033,000","5,611,000","27,559,000","28,921,000","2,953,000","3,944,000","13,705,000","15,332,000","3,101,000","-3,786,000","18,083,000","12,136,000","5,669,000","3,250,000","11,214,000","11,900,000","5,095,000","2,585,000","10,985,000","11,984,000","6,469,000","3,792,000","17,211,000","13,404,000","5,135,000","2,415,000","16,387,000","12,918,000","8,823,000","1,416,000","-3,145,000","15,155,000","-4,335,000","-1,759,000","5,273,000","11,691,000","4,651,000","8,600,000","4,941,000","8,887,000","815,000","1,921,000","8,792,000","11,519,000","719,000","2,322,000","6,108,000","10,623,000","2,795,000","3,550,000","13,846,000","11,900,000","1,407,000","-877,000","9,539,000","10,783,000","3,378,000","-1,672,000","7,915,000","5,009,000","-1,782,000","-4,464,000","6,398,000","6,317,000","-1,957,000","-4,259,000","5,800,000","6,200,000","-4,500,000","1,000,000","7,000,000","9,400,000","-2,500,000","-600,000","6,600,000","9,100,000","100,000","-800,000","6,500,000","9,500,000","900,000","800,000","4,600,000","8,100,000","2,000,000","1,000,000","4,900,000","6,700,000","1,500,000","1,700,000","5,700,000","6,000,000","1,300,000","-1,200,000","1,800,000","3,800,000","-2,300,000","1,200,000","600,000","2,700,000","-1,600,000","-1,200,000","400,000","3,000,000","-2,000,000","-1,700,000","-300,000","1,600,000","-2,600,000","-3,400,000","1,100,000","3,100,000","-2,600,000","-4,800,000","200,000","-4,300,000","-12,700,000","-22,500,000","2,900,000","4,300,000","2,300,000","1,200,000","3,200,000"
			NetIncomeDiscontinuousOperations,,,,,,,,,,,,,,,,,,,,,,,,,,,,,,,,,,,,,,,,,,,,,,,,,,,,,,,,,,,,,,,,,,,,,,,,,,,,,,,,,,,,,,,,,,,,,,,,,,,,,,,,,,,,,,,,,,,,,,,,,,,,,,,,,,,,,,,,,,,,,,,"0",
			NetIncomeExtraordinary,,,,,,,,,,,,,,,,,,,,,,,,,,,,,,,,,,,,,,,,,,,,,,,,,,,,,,,,,,,,,,,,,,,,,,,,,,,,,,,,,,,,,,,,,,,,,,,,,,,,,,,,,,,"0",,,"-2,200,000",,,,,,,,,,,,,,,,,,,,,,,,,,,,,,,,,,
		MinorityInterests,"-8,665,000","0","-2,451,000","-3,170,000","-3,044,000","-939,000","-1,906,000","-2,540,000","-1,486,000","-1,253,000","-1,180,000","-1,786,000","-1,185,000","-623,000","-2,850,000","-1,595,000","-1,233,000","-634,000","-1,426,000","-2,411,000","-1,672,000","-1,008,000","-1,320,000","-2,006,000","-1,987,000","-729,000","-954,000","-1,573,000","-1,549,000","-652,000","-799,000","-1,914,000","-907,000","-807,000","-1,424,000","-1,135,000","-1,153,000","-530,000","-759,000","-1,217,000","-883,000","-556,000","29,000","-1,678,000","-1,361,000","-475,000","-425,000","-959,000","-731,000","-292,000","-666,000","-705,000","-1,360,000","339,000",,"-110,000","-1,169,000","-681,000",,"-841,000","-1,149,000","-556,000","-935,000","-1,201,000","-1,441,000","-520,000","-372,000","-1,346,000","-1,651,000","-447,000","-607,000","-1,432,000","-1,142,000","-116,000","203,000","-2,672,000","-2,764,000","-759,000",,,,,,,,,,,,,,,,,,,,,,,,,,,,,,,,,,,,,,,,,,,,,,,,,,,,,,,,,,,,,,,,,,
	PreferredStockDividends,,,,,,,,,,,,,,,,,,,,,,,,,,,,,,,,,,,,,,,,,,,,,,,,,,,,,,,,,,,,,,,,,,,,,,,,,,,,,,,,,,,,,,,,,,,,,,,,,,,,,,,,,,,,,,,,,,,"500,000","1,200,000","1,200,000","1,300,000","200,000",,"200,000","200,000","100,000","200,000","100,000",,,,,,,,,,,,,,,,,,,
DilutedNIAvailtoComStockholders,"211,194,000","53,363,000","66,378,000","51,884,000","39,569,000","14,662,000","-10,170,000","13,006,000","15,370,000","-6,831,000","-26,976,000","25,164,000","-3,933,000","-14,185,000","77,922,000","17,316,000","6,348,000","-5,051,000","21,393,000","23,142,000","15,652,000","-10,041,000","4,291,000","25,553,000","26,934,000","2,224,000","2,990,000","12,132,000","13,783,000","2,449,000","-4,585,000","16,169,000","11,229,000","4,862,000","1,826,000","10,079,000","10,747,000","4,565,000","1,826,000","9,768,000","11,101,000","5,913,000","3,821,000","15,533,000","12,043,000","4,660,000","1,990,000","15,428,000","12,187,000","8,531,000","1,416,000","-3,145,000","15,155,000","-4,335,000","-1,759,000","5,273,000","11,691,000","4,651,000","8,600,000","4,941,000","8,887,000","815,000","1,921,000","8,792,000","11,519,000","719,000","2,322,000","6,108,000","10,623,000","2,795,000","3,550,000","13,846,000","11,900,000","1,407,000","-877,000","9,539,000","10,783,000","3,378,000","-1,672,000","7,915,000","5,009,000","-1,782,000","-4,464,000","6,398,000","6,317,000","-1,957,000","-4,259,000","5,800,000","6,200,000","-4,500,000","1,000,000","7,000,000","9,400,000","-2,500,000","-600,000","6,600,000","9,100,000","100,000","-800,000","6,500,000","9,500,000","900,000","-4,200,000","4,600,000","8,100,000","2,000,000","1,000,000","4,900,000","6,700,000","-700,000","1,700,000","5,700,000","6,000,000","1,300,000","-117,900,000","600,000","2,600,000","-3,600,000","1,000,000","600,000","2,500,000","-1,800,000","-1,300,000","200,000","2,900,000","-2,000,000","-1,700,000","-300,000","1,600,000",,,,,,,,,,,,,,,
BasicEPS,,"5.69",,"5.53","4.23","1.56","-1.09","1.39","1.64","-0.73","-2.88","2.69","-0.42","-1.52","8.35","1.86","0.68","-0.54","2.31","2.48","1.68","-1.08","0.46","2.75","2.9","0.24","0.32","1.31","1.49","0.26","-0.5","1.75","1.21","0.53","0.2","1.09","1.16","0.5",,"1.06","1.21","0.64",,"1.69","1.31","0.51",,"1.68","1.33","0.93",,"-0.34","1.66","-0.47",,"0.58","1.28","0.51",,"0.54","0.98","0.09",,"0.97","1.27","0.08",,"0.67","1.17","0.31",,"1.53","1.32","0.16",,"1.08","1.23","0.39",,"0.9","0.57","-0.2",,"0.73","0.72","-0.22",,"0.67","0.72","-0.54",,"0.84","1.12","-0.29",,"0.79","1.09","0.01",,"0.7","1.03","0.1",,"0.5","0.87","0.21",,"0.53","0.72","-0.08",,"0.62","0.65","0.15",,"0.06","0.29","-0.39",,"0.06","0.29","-0.19",,"0.04","0.32","-0.22",,"-0.03","0.17","-0.29",,"0.13","0.38","-0.32",,"0.02","-0.65","-1.96",,"0.45","0.66","0.36",,"0.52"
DilutedEPS,,"5.67",,"5.51","4.19","1.55","-1.09","1.38","1.64","-0.73","-2.88","2.69","-0.42","-1.52","8.31","1.85","0.68","-0.54","2.3","2.47","1.67","-1.08","0.46","2.74","2.89","0.24","0.32","1.3","1.48","0.26","-0.5","1.74","1.21","0.52","0.2","1.09","1.16","0.49",,"1.06","1.2","0.64",,"1.37","1.31","0.41",,"1.68","1.08","0.74",,"-0.34","1.65","-0.47",,"0.58","1.28","0.51",,"0.54","0.97","0.09",,"0.97","1.27","0.08",,"0.67","1.17","0.31",,"1.53","1.32","0.16",,"1.07","1.21","0.38",,"0.9","0.57","-0.2",,"0.73","0.71","-0.22",,"0.66","0.71","-0.54",,"0.82","1.11","-0.29",,"0.78","1.08","0.01",,"0.69","1.02","0.1",,"0.5","0.87","0.21",,"0.53","0.72","-0.08",,"0.62","0.65","0.15",,"0.06","0.29","-0.39",,"0.06","0.29","-0.19",,"0.04","0.32","-0.22",,"-0.03","0.17","-0.29",,"0.13","0.38","-0.32",,"0.02","-0.65","-1.96",,"0.45","0.66","0.36",,"0.52"
BasicAverageShares,,"9,373,000",,"9,373,000","9,373,000","9,373,000","9,373,000","9,373,000","9,373,000","9,360,000","9,354,000","9,354,000","9,354,000","9,340,000","9,334,000","9,334,000","9,334,000","7,141,000","9,313,000","9,313,000","9,313,000","9,298,000","9,292,000","9,292,000","9,292,000","9,277,000","9,271,000","9,271,000","9,271,000","9,256,000","9,250,000","9,250,000","9,250,000","9,236,000","9,230,000","7,141,000","9,230,000","9,214,000",,"7,141,000","7,141,000","9,192,000",,"9,185,000","9,185,000","9,170,000",,"7,141,000","9,163,000","9,163,000",,"6,644,000","6,644,000","6,644,000",,"6,644,000","6,644,000","6,643,000",,"6,643,000","9,103,000","9,103,000",,"9,083,000","9,083,000","9,083,000",,"9,063,000","9,063,000","9,063,000",,"9,043,000","9,043,000","9,043,000",,"8,864,000","8,784,000","8,773,000",,"8,753,000","8,753,000","8,753,000",,"8,733,000","8,733,000","8,733,000",,"8,656,716","8,611,111","8,333,333",,"8,333,333","8,392,857","8,620,690",,"8,354,430","8,348,624","10,000,000",,"9,285,714","9,223,301","9,000,000",,"9,200,000","9,310,345","9,523,810",,"9,245,283","9,305,556","8,750,000",,"9,193,548","9,230,769","8,666,667",,"10,000,000","8,965,517","9,230,769",,"10,000,000","8,620,690","9,473,684",,"8,181,818","9,062,500","9,090,909",,"10,000,000","9,411,765","9,181,000",,"8,121,000","8,121,000","8,121,000",,"8,121,000","8,121,000","6,497,000",,"6,497,000","6,377,000","6,292,000",,"6,292,000"
DilutedAverageShares,,"9,409,000",,"9,430,000","9,440,000","9,444,000","11,649,000","9,413,000","9,421,000","9,360,000","9,354,000","9,405,000","9,354,000","9,340,000","9,374,000","9,374,000","9,374,000","9,319,000","9,353,000","9,353,000","9,353,000","9,298,000","9,332,000","9,332,000","9,332,000","9,317,000","9,311,000","9,311,000","9,311,000","9,296,000","9,250,000","9,290,000","9,290,000","9,276,000","9,270,000","9,270,000","9,270,000","9,254,000",,"9,248,000","9,248,000","9,232,000",,"11,309,000","11,309,000","11,279,000",,"9,203,000","11,265,000","11,491,000",,"9,144,000","9,164,000","9,144,000",,"9,144,000","9,143,000","9,131,000",,"9,123,000","9,123,000","9,112,000",,"9,083,000","9,083,000","9,083,000",,"9,063,000","9,063,000","9,063,000",,"9,043,000","9,043,000","9,043,000",,"8,924,000","8,880,000","8,857,000",,"8,818,000","8,825,000","8,753,000",,"8,811,000","8,837,000","8,733,000",,"8,787,879","8,732,394","8,490,566",,"8,536,585","8,468,468","8,620,690",,"8,461,538","8,425,926","10,000,000",,"9,420,290","9,313,725","9,000,000",,"9,200,000","9,310,345","9,523,810",,"9,245,283","9,305,556","8,750,000",,"9,193,548","9,230,769","8,666,667",,"10,000,000","8,965,517","9,230,769",,"10,000,000","8,620,690","9,473,684",,"8,181,818","9,062,500","9,090,909",,"10,000,000","9,411,765","9,181,000",,"8,121,000","8,121,000","8,121,000",,"8,121,000","8,121,000","6,497,000",,"6,497,000","6,377,000","6,292,000",,"6,292,000"
TotalOperatingIncomeAsReported,"374,741,000","94,184,000","93,595,000","103,844,000","83,118,000","32,821,000","39,540,000","53,846,000","67,214,000","20,154,000","12,816,000","44,404,000","19,679,000","-18,997,000","-872,000","36,130,000","47,313,000","13,608,000","20,921,000","39,801,000","54,736,000","12,401,000","15,241,000","27,685,000","38,316,000","16,902,000","14,141,000","28,446,000","31,264,000","12,116,000","1,060,000","30,200,000","26,899,000","15,488,000","14,066,000","27,438,000","28,549,000","18,633,000","14,967,000","24,964,000","28,420,000","19,179,000","15,179,000","33,662,000","29,818,000","17,659,000","16,388,000","26,296,000","30,678,000","21,141,000","13,153,000","6,443,000","36,207,000","3,675,000","8,600,000","20,240,000","32,494,000","20,549,000","19,445,000","21,832,000","29,237,000","14,150,000","16,628,000","28,091,000","34,183,000","13,226,000","15,353,000","23,191,000","30,305,000","15,500,000","15,281,000","28,557,000","26,822,000","13,056,000","12,863,000","30,869,000","33,144,000","19,390,000","9,738,000","20,059,000","21,646,000","10,575,000","6,714,000","19,322,000","24,226,000","11,945,000","10,930,000","23,100,000","23,200,000","6,000,000","13,500,000","22,100,000","25,300,000","6,400,000","8,800,000","20,500,000","24,300,000","9,700,000","6,800,000","18,600,000","25,000,000","10,200,000","9,500,000","17,300,000","22,400,000","12,800,000","9,900,000","15,700,000","20,000,000","10,200,000","9,700,000","16,200,000","20,000,000","11,500,000","11,400,000","12,000,000","13,700,000","6,800,000","4,900,000","7,300,000","10,300,000","4,500,000","5,900,000","7,900,000","11,600,000","4,400,000","4,700,000","6,700,000","8,600,000",,,,,,,,,,,,,,,
TotalExpenses,"4,729,452,000","1,175,673,000","1,185,042,000","1,224,640,000","1,144,097,000","1,140,200,000","1,139,409,000","1,217,183,000","1,206,445,000","1,082,758,000","1,101,551,000","1,167,257,000","1,207,593,000","1,091,061,000","1,127,021,000","1,126,396,000","1,121,978,000","852,094,000","820,639,000","809,227,000","785,648,000","613,055,000","604,475,000","591,121,000","576,367,000","436,351,000","426,497,000","429,230,000","428,209,000","376,466,000","393,277,000","404,264,000","402,080,000","368,063,000","372,634,000","392,417,000","402,144,000","358,552,000","357,892,000","380,894,000","394,473,000","340,450,000","339,197,000","361,702,000","387,543,000","329,839,000","338,032,000","348,260,000","347,071,000","315,120,000","335,222,000","375,120,000","359,796,000","333,999,000","332,040,000","347,120,000","357,949,000","317,007,000","321,131,000","348,794,000","357,387,000","319,029,000","341,093,000","330,323,000","323,597,000","293,031,000","303,355,000","298,145,000","303,406,000","267,227,000","276,482,000","297,080,000","291,343,000","262,144,000","276,364,000","302,178,000","307,975,000","263,808,000","244,609,000","246,545,000","250,032,000","219,482,000","230,738,000","239,243,000","246,707,000","216,239,000","220,021,000","237,200,000","237,800,000","214,300,000","221,700,000","226,400,000","216,100,000","196,900,000","187,700,000","198,600,000","183,900,000","168,700,000","176,800,000","186,000,000","188,600,000","161,800,000","170,000,000","186,300,000","185,500,000","158,200,000","161,100,000","172,700,000","180,700,000","153,600,000","146,600,000","165,700,000","174,500,000","142,800,000","151,500,000","158,900,000","160,200,000","141,300,000","109,600,000","116,000,000","114,800,000","97,400,000","92,100,000","107,500,000","111,600,000","90,000,000","88,100,000","94,800,000","96,600,000",,,,,,,,,,,,,,,
NetIncomeFromContinuingAndDiscontinuedOperation,"211,194,000","53,363,000","66,378,000","51,884,000","39,569,000","14,662,000","-10,170,000","13,006,000","15,370,000","-6,831,000","-26,976,000","25,164,000","-3,933,000","-14,185,000","77,922,000","17,316,000","6,348,000","-5,051,000","21,393,000","23,142,000","15,652,000","-10,041,000","4,291,000","25,553,000","26,934,000","2,224,000","2,990,000","12,132,000","13,783,000","2,449,000","-4,585,000","16,169,000","11,229,000","4,862,000","1,826,000","10,079,000","10,747,000","4,565,000","1,826,000","9,768,000","11,101,000","5,913,000","3,821,000","15,533,000","12,043,000","4,660,000","1,990,000","15,428,000","12,187,000","8,531,000","1,416,000","-3,145,000","15,155,000","-4,335,000","-1,759,000","5,273,000","11,691,000","4,651,000","8,600,000","4,941,000","8,887,000","815,000","1,921,000","8,792,000","11,519,000","719,000","2,322,000","6,108,000","10,623,000","2,795,000","3,550,000","13,846,000","11,900,000","1,407,000","-877,000","9,539,000","10,783,000","3,378,000","-1,672,000","7,915,000","5,009,000","-1,782,000","-4,464,000","6,398,000","6,317,000","-1,957,000","-4,259,000","5,800,000","6,200,000","-4,500,000","1,000,000","7,000,000","9,400,000","-2,500,000","-600,000","6,600,000","9,100,000","100,000","-800,000","6,500,000","9,500,000","900,000","800,000","4,600,000","8,100,000","2,000,000","1,000,000","4,900,000","6,700,000","1,500,000","1,700,000","5,700,000","6,000,000","1,300,000","-1,200,000","1,800,000","3,800,000","-2,300,000","1,200,000","600,000","2,700,000","-1,600,000","-1,200,000","400,000","3,000,000","-2,000,000","-1,700,000","-300,000","1,600,000",,,,,,,,,,,,,,,
NormalizedIncome,"242,282,523.054","61,358,546","63,389,711.752","66,740,000","50,290,876","15,191,728","12,292,830","26,149,049","35,854,622","2,298,900","-1,303,719.558","17,387,340","4,780,279","-14,185,000","77,922,000","17,316,000","6,348,000","-5,051,000","21,393,000","23,142,000","15,652,000","-10,041,000","2,965,841.926","9,810,555","26,934,000","2,224,000","2,990,000","12,132,000","13,783,000","2,449,000","-4,585,000","16,169,000","11,229,000","4,862,000","1,826,000","10,079,000","10,747,000","4,565,000","1,826,000","9,768,000","11,101,000","5,913,000","3,821,000","15,533,000","12,043,000","4,660,000","1,990,000","15,428,000","12,187,000","8,531,000","1,416,000","-3,145,000","15,155,000","-4,335,000","-1,759,000","5,273,000","11,691,000","4,651,000","8,600,000","4,941,000","8,887,000","815,000","1,921,000","8,792,000","11,519,000","719,000","2,322,000","6,108,000","10,623,000","2,795,000","3,550,000","13,846,000","12,101,639.344","1,526,400","-88,600","9,671,600","11,175,592.281","3,921,065.451","-282,134.395","8,788,666.229","6,241,286.594","-953,908.35","-4,464,000","3,681,233.97","6,822,514.356","-1,294,480.731","-1,537,136.782","6,516,853.933","6,983,157.895","-3,717,391.304","1,733,333.333","7,388,888.889","10,157,046.98","-1,750,000","-360,000","6,851,428.571","9,351,034.483","340,000","-500,000","7,362,244.898","10,462,025.316","1,500,000","1,500,000","5,260,000","8,462,686.567","2,606,060.606","1,307,692.308","4,420,000","6,880,000","1,500,000","1,847,826.087","5,968,235.294","6,660,000","1,660,000","-840,000","2,113,043.478","4,220,000","-2,000,000","1,620,000","1,020,000","2,945,454.545","-1,010,526.316","-160,000","820,000","3,533,333.333","-1,640,000","-935,000","-60,000","1,600,000",,,,,,,,,,,,,,,
InterestExpense,"35,920,000","8,746,000","8,957,000","9,033,000","9,184,000","9,561,000","10,144,000","10,965,000","11,995,000","12,886,000","12,889,000","12,827,000","12,744,000","12,046,000","11,262,000","10,697,000","10,440,000","9,470,000","8,704,000","8,452,000","9,808,000","9,361,000","8,164,000","6,686,000","6,718,000","7,347,000","7,373,000","7,333,000","7,343,000","7,223,000","7,254,000","7,361,000","7,409,000","7,379,000","8,155,000","9,033,000",,,,"9,087,000","9,042,000",,,"8,841,000","8,802,000","8,810,000",,"8,866,000","9,935,000","9,258,000",,,,,,,,,,,,,,,,,,,,,,,,,,,,,,,,,,,,,,,,,,,,,,,,,,,,,,,,,,,,,,,,,,,,,,,,,,,,,,,,,,,,,,,,,,,,,,
NetInterestIncome,"-35,920,000","-8,746,000","-8,957,000","-9,033,000","-9,184,000","-9,561,000","-10,144,000","-10,965,000","-11,995,000","-12,886,000","-12,889,000","-12,827,000","-12,744,000","-12,046,000","-11,262,000","-10,697,000","-10,440,000","-9,470,000","-8,704,000","-8,452,000","-9,808,000","-9,361,000","-8,164,000","-6,686,000","-6,718,000","-7,347,000","-7,373,000","-7,333,000","-7,343,000","-7,223,000","-7,254,000","-7,361,000","-7,409,000","-7,379,000","-8,155,000","-9,033,000","-9,079,000","-9,071,000","-9,081,000","-9,087,000","-9,042,000","8,769,000","-8,674,000","-8,841,000","-8,802,000","-8,810,000","-9,320,000","-8,866,000","-9,935,000","-9,258,000","-9,812,000","-9,406,000","-9,949,000","-10,434,000","-10,994,000","-12,135,000","-12,294,000",,"-12,478,000","-12,745,000","-12,843,000","-12,220,000","-12,883,000",,"-12,893,000","-11,498,000","-12,161,000",,"-10,676,000","-10,308,000","-10,213,000","-10,414,000",,,"-13,649,000","-11,454,000","-11,877,000","-12,140,000","-10,077,000","-10,764,000","-11,329,000","-12,152,000","-11,248,000","-13,570,000",,"-13,936,000",,"-13,000,000",,"-11,700,000","-10,800,000","-10,700,000",,,,,"-9,400,000","-9,100,000","-7,700,000","-7,500,000","-7,500,000","-7,700,000","-7,900,000","-8,300,000","-8,500,000","-8,400,000","-8,000,000","-8,000,000","-7,800,000","-7,500,000","-7,200,000","-7,300,000","-8,200,000","-8,300,000","-9,800,000","-9,300,000","-9,200,000",,"-5,200,000","-5,300,000","-5,400,000","-5,700,000","-5,900,000","-6,100,000","-6,300,000","-5,800,000","-5,700,000","-6,300,000","-6,400,000",,,,,,,,,,,,,,,
EBIT,"329,381,000","82,129,000","97,818,000","82,450,000","66,984,000","30,523,000","6,744,000","33,135,000","36,033,000","4,303,000","-14,425,000","56,270,000","9,861,000","-14,487,000","40,393,000","41,356,000","21,764,000","1,362,000","48,891,000","47,126,000","37,770,000","-4,750,000","16,679,000","46,344,000","53,201,000","11,813,000","13,064,000","28,446,000","31,264,000","12,116,000","1,060,000","30,200,000","26,899,000","15,488,000","14,066,000","27,438,000","28,549,000","18,633,000","14,967,000","24,964,000","28,420,000","19,179,000","15,179,000","33,662,000","29,818,000","17,659,000","16,388,000","26,296,000","30,678,000","21,141,000","13,153,000","6,443,000","36,207,000","3,675,000","6,597,000","20,240,000","32,494,000","20,549,000","16,227,000","21,832,000","29,237,000","14,150,000","16,628,000","28,091,000","34,183,000","13,226,000","15,353,000","23,191,000","30,305,000","15,500,000","15,281,000","28,557,000","26,822,000","13,056,000","12,863,000","30,869,000","33,144,000","19,390,000","9,738,000","20,059,000","21,646,000","10,575,000","6,714,000","19,322,000","24,226,000","11,945,000","10,930,000","23,100,000","23,200,000","6,000,000","13,500,000","22,100,000","25,300,000","6,400,000","8,800,000","20,500,000","24,300,000","9,700,000","6,800,000","18,600,000","25,000,000","10,200,000","9,500,000","17,300,000","22,400,000","12,800,000","9,900,000","15,700,000","20,000,000","10,200,000","9,700,000","16,200,000","20,000,000","11,500,000","11,400,000","12,000,000","13,700,000","6,800,000","4,900,000","7,300,000","10,300,000","4,500,000","5,900,000","7,900,000","11,600,000","4,400,000","4,700,000","6,700,000","8,600,000","84,700,000","-216,800,000","86,900,000","92,100,000","70,600,000","-277,200,000","95,600,000","105,100,000","76,900,000","-296,200,000","98,000,000","126,500,000","78,900,000","-220,900,000","93,000,000"
EBITDA,"508,365,000"
ReconciledCostOfRevenue,"3,291,876,000","821,154,000","816,762,000","856,046,000","797,914,000","767,726,000","765,758,000","838,805,000","837,880,000","713,604,000","755,924,000","791,317,000","815,295,000","707,116,000","742,725,000","752,202,000","754,113,000","533,681,000","516,633,000","521,838,000","520,677,000","381,558,000","378,910,000","380,270,000","377,366,000","268,880,000","262,194,000","272,734,000","273,953,000","232,249,000","235,823,000","258,352,000","258,664,000","229,852,000","232,326,000","248,927,000","257,280,000","221,591,000","221,066,000","243,142,000","257,320,000","210,468,000","201,388,000","222,247,000","249,353,000","200,795,000","199,002,000","217,236,000","217,622,000","189,132,000","200,794,000","225,736,000","224,123,000","197,756,000","179,189,000","194,713,000","204,305,000","168,777,000","172,858,000","196,203,000","201,801,000","170,230,000","197,386,000","196,969,000","191,302,000","166,464,000","171,252,000","170,035,000","173,362,000","142,467,000","151,989,000","169,191,000","164,710,000","140,529,000","158,266,000","179,438,000","181,762,000","148,912,000","139,717,000","145,549,000","147,067,000","123,590,000","127,567,000","137,514,000","142,903,000","122,138,000","126,640,000","142,700,000","145,400,000","128,100,000","136,800,000","142,600,000","137,200,000","118,300,000","113,900,000","124,900,000","114,200,000","99,300,000","103,500,000","114,600,000","119,600,000","98,300,000","107,100,000","121,000,000","120,500,000","98,900,000","98,100,000","112,700,000","118,900,000","97,300,000","93,900,000","108,400,000","108,800,000","84,400,000","91,300,000","98,400,000","99,800,000","83,400,000","65,000,000","71,000,000","70,100,000","56,700,000","50,700,000","67,200,000","69,100,000","53,100,000","51,600,000","59,100,000","60,000,000",,,,,,,,,,,,,,,
ReconciledDepreciation,"178,984,000","43,526,000","44,528,000","48,093,000","42,837,000","43,559,000","43,500,000","45,588,000","45,056,000","45,772,000","46,760,000","46,589,000","46,687,000","47,220,000","48,548,000","43,246,000","42,066,000","34,981,000","33,237,000","31,057,000","27,940,000","24,389,000","22,487,000","21,035,000","19,717,000","17,657,000","16,395,000","15,292,000","14,874,000","14,569,000","14,766,000","14,850,000","14,415,000","14,640,000","15,472,000","15,338,000","15,400,000","15,649,000","15,961,000","15,835,000","15,373,000","14,949,000","19,203,000","14,696,000","14,569,000","14,358,000","17,191,000","14,950,000","14,877,000","14,350,000","17,324,000","16,997,000","17,313,000","16,928,000","16,421,000","17,546,000","16,960,000","17,399,000","16,367,000","17,170,000","17,276,000","17,071,000","17,454,000","17,427,000","17,053,000","17,456,000","18,297,000","18,464,000","18,120,000","18,190,000","19,767,000","19,489,000","19,844,000","19,490,000","20,369,000","19,779,000","19,229,000","18,376,000","20,858,000","20,478,000","20,218,000","19,523,000","19,777,000","19,957,000","19,989,000","19,859,000","19,874,000","19,200,000","17,600,000","17,900,000","12,700,000","13,100,000","12,200,000","12,100,000","12,000,000","11,700,000","11,600,000","11,300,000","10,300,000","10,200,000","10,100,000","10,100,000","10,100,000","9,600,000","9,900,000","9,400,000","9,600,000","8,900,000","9,000,000","9,000,000","9,000,000","9,300,000","10,400,000","9,900,000","10,000,000","9,900,000","9,200,000","11,400,000","7,600,000","7,400,000","7,500,000","7,200,000","7,400,000","7,500,000","7,400,000","7,200,000","7,400,000","6,900,000","6,800,000",,,,,,,,,,,,,,,
NetIncomeFromContinuingOperationNetMinorityInterest,"211,194,000","53,363,000","66,378,000","51,884,000","39,569,000","14,662,000","-10,170,000","13,006,000","15,370,000","-6,831,000","-26,976,000","25,164,000","-3,933,000","-14,185,000","77,922,000","17,316,000","6,348,000","-5,051,000","21,393,000","23,142,000","15,652,000","-10,041,000","4,291,000","25,553,000","26,934,000","2,224,000","2,990,000","12,132,000","13,783,000","2,449,000","-4,585,000","16,169,000","11,229,000","4,862,000","1,826,000","10,079,000","10,747,000","4,565,000","1,826,000","9,768,000","11,101,000","5,913,000","3,821,000","15,533,000","12,043,000","4,660,000","1,990,000","15,428,000","12,187,000","8,531,000","1,416,000","-3,145,000","15,155,000","-4,335,000","-1,759,000","5,273,000","11,691,000","4,651,000","8,600,000","4,941,000","8,887,000","815,000","1,921,000","8,792,000","11,519,000","719,000","2,322,000","6,108,000","10,623,000","2,795,000","3,550,000","13,846,000","11,900,000","1,407,000","-877,000","9,539,000","10,783,000","3,378,000","-1,672,000","7,915,000","5,009,000","-1,782,000","-4,464,000","6,398,000","6,317,000","-1,957,000","-4,259,000","5,800,000","6,200,000","-4,500,000","1,000,000","7,000,000","9,400,000","-2,500,000","-600,000","6,600,000","9,100,000","100,000","-800,000","6,500,000","9,500,000","900,000","800,000","4,600,000","8,100,000","2,000,000","1,000,000","4,900,000","6,700,000","1,500,000","1,700,000","5,700,000","6,000,000","1,300,000","-1,200,000","1,800,000","3,800,000","-2,300,000","1,200,000","600,000","2,700,000","-1,600,000","-1,200,000","400,000","3,000,000","-2,000,000","-1,700,000","-300,000","1,600,000",,,,,,,,,,,,,,,
TotalUnusualItemsExcludingGoodwill,"-41,496,000","-10,998,000","3,858,000","-19,808,000","-14,548,000","-712,000","-30,771,000","-18,749,000","-29,222,000","-14,046,000","-27,183,000","12,543,000","-9,143,000",,"12,893,000",,,,"0","0",,,"2,011,000","22,651,000",,,,,,,,,,,,,,,,,,,,,,,,,,,,,,,,,,,,,,,,,,,,,,,,,"-246,000","-199,000","-1,314,000","-221,000","-650,000","-899,000","-1,670,000","-924,000","-2,037,000","-1,369,000",,"4,245,000","-786,000","-1,019,000","-4,163,000","-1,100,000","-1,200,000","-1,200,000","-1,100,000","-600,000","-1,200,000","-1,200,000","-400,000","-400,000","-400,000","-400,000","-500,000","-1,300,000","-1,600,000","-1,000,000","-700,000","-1,100,000","-600,000","-1,000,000","-400,000","800,000","-300,000",,"-200,000","-400,000","-1,100,000","-600,000","-600,000","-400,000","-700,000","-500,000","-700,000","-700,000","-400,000","-700,000","-1,300,000","-700,000","-800,000","-600,000","-900,000","-400,000",,,,,,,,,,,,,,,,
TotalUnusualItems,"-41,496,000","-10,998,000","3,858,000","-19,808,000","-14,548,000","-712,000","-30,771,000","-18,749,000","-29,222,000","-14,046,000","-27,183,000","12,543,000","-9,143,000",,"12,893,000","5,226,000","-25,549,000","12,246,000","0","0","-16,966,000","-17,151,000","2,011,000","22,651,000","14,885,000","-5,089,000","-1,077,000",,,,,,,,,,,,,,,,,,,,,,,,,,,,,,,,,,,,,,,,,,,,,,"-246,000","-199,000","-1,314,000","-221,000","-650,000","-899,000","-1,670,000","-924,000","-2,037,000","-1,369,000",,"4,245,000","-786,000","-1,019,000","-4,163,000","-1,100,000","-1,200,000","-1,200,000","-1,100,000","-600,000","-1,200,000","-1,200,000","-400,000","-400,000","-400,000","-400,000","-500,000","-1,300,000","-1,600,000","-1,000,000","-700,000","-1,100,000","-600,000","-1,000,000","-400,000","800,000","-300,000",,"-200,000","-400,000","-1,100,000","-600,000","-600,000","-400,000","-700,000","-500,000","-700,000","-700,000","-400,000","-700,000","-1,300,000","-700,000","-800,000","-600,000","-900,000","-400,000",,,,,,,,,,,,,,,,
NormalizedEBITDA,"549,861,000","136,653,000","138,488,000","150,351,000","124,369,000","74,794,000","81,015,000","97,472,000","110,311,000","64,121,000","59,518,000","90,316,000","65,691,000","32,733,000","88,941,000","84,602,000","63,830,000","36,343,000","82,128,000","78,183,000","65,710,000","19,639,000","37,155,000","44,728,000","72,918,000","29,470,000","29,459,000","43,738,000","46,138,000","26,685,000","15,826,000","45,050,000","41,314,000","30,128,000","29,538,000","42,776,000","43,949,000","34,282,000","30,928,000","40,799,000","43,793,000","34,128,000","34,382,000","48,358,000","44,387,000","32,017,000","33,579,000","41,246,000","45,555,000","35,491,000","30,477,000","23,440,000","53,520,000","20,603,000","23,018,000","37,786,000","49,454,000","37,948,000","32,594,000","39,002,000","46,513,000","31,221,000","34,082,000","45,518,000","51,310,000","30,831,000","33,804,000","41,752,000","48,761,000","33,947,000","35,307,000","48,359,000","47,117,000","32,968,000","34,745,000","51,178,000","53,337,000","38,961,000","32,469,000","41,514,000","43,998,000","31,467,000","26,491,000","35,034,000","45,003,000","32,823,000","34,967,000","43,400,000","42,000,000","25,100,000","27,300,000","35,800,000","38,900,000","19,700,000","21,200,000","32,600,000","36,300,000","21,400,000","17,600,000","30,100,000","36,700,000","21,300,000","20,300,000","28,200,000","32,900,000","23,200,000","19,900,000","23,900,000","29,300,000","19,200,000","18,900,000","25,900,000","31,500,000","22,000,000","22,000,000","22,300,000","23,600,000","18,700,000","13,200,000","15,400,000","18,200,000","12,400,000","14,600,000","16,100,000","19,800,000","12,200,000","13,000,000","14,000,000","15,400,000","84,700,000","-216,800,000","86,900,000","92,100,000","70,600,000","-277,200,000","95,600,000","105,100,000","76,900,000","-296,200,000","98,000,000","126,500,000","78,900,000","-220,900,000","93,000,000"
TaxRateForCalcs,"0.251","0.273","0.225","0.25","0.263","0.256","0.27","0.299","0.299","0.35","0.056","0.38","0.047","0.27","0.4","0.383","0.331","0.4","0.4","0.339","0.38","0.36","0.341","0.305","0.378","0.339","0.307","0.351","0.359","0.366","0.389","0.208","0.377","0.301","0.35","0.391","0.389","0.35","0.35","0.308","0.382","0.379","0.35","0.307","0.362","0.35","0.35","0.06","0.377","0.258","0.35","0.143","0.391","0.325","0.278","0.34","0.386","0.392","0.4","0.4","0.4","0.4","0.316","0.4","0.4","0.4","0.177","0.4","0.4","0.4","0.204","0.171","0.18","0.4","0.4","0.4","0.396","0.396","0.168","0.054","0.395","0.395","0.36","0.36","0.357","0.35","0.346","0.348","0.347","0.348","0.333","0.352","0.369","0.375","0.4","0.371","0.372","0.4","0.4","0.337","0.399","0.4","0","0.4","0.396","0.394","0.231","0.4","0.4","0.4","0.261","0.329","0.4","0.4","0.4","0.217","0.4","0.4","0.4","0.4","0.386","0.158","0.2","0.4","0.333","0.4","0.15","0.4","0.273",,,,,,,,,,,,,,,
TaxEffectOfUnusualItems,"-10,407,476.946","-3,002,454","869,711.752","-4,952,000","-3,826,124","-182,272","-8,308,170","-5,605,951","-8,737,378","-4,916,100","-1,510,719.558","4,766,340","-429,721","0","0","0","0","0","0","0","0","0","685,841.926","6,908,555","0","0","0","0","0","0","0","0","0","0","0","0","0","0","0","0","0","0","0","0","0","0","0","0","0","0","0","0","0","0","0","0","0","0","0","0","0","0","0","0","0","0","0","0","0","0","0","0","-44,360.656","-79,600","-525,600","-88,400","-257,407.719","-355,934.549","-280,134.395","-50,333.771","-804,713.406","-540,908.35","0","1,528,233.97","-280,485.644","-356,480.731","-1,441,136.782","-383,146.067","-416,842.105","-417,391.304","-366,666.667","-211,111.111","-442,953.02","-450,000","-160,000","-148,571.429","-148,965.517","-160,000","-200,000","-437,755.102","-637,974.684","-400,000","0","-440,000","-237,313.433","-393,939.394","-92,307.692","320,000","-120,000","0","-52,173.913","-131,764.706","-440,000","-240,000","-240,000","-86,956.522","-280,000","-200,000","-280,000","-280,000","-154,545.455","-110,526.316","-260,000","-280,000","-266,666.667","-240,000","-135,000","-160,000","0",,,,,,,,,,,,,,,