name,ttm,03/31/2021,12/31/2020,09/30/2020,06/30/2020,03/31/2020,12/31/2019,09/30/2019,06/30/2019,03/31/2019,12/31/2018,09/30/2018,06/30/2018,03/31/2018,12/31/2017,09/30/2017,06/30/2017,03/31/2017,12/31/2016,09/30/2016,06/30/2016,03/31/2016,12/31/2015,09/30/2015,06/30/2015,03/31/2015,12/31/2014,09/30/2014,06/30/2014,03/31/2014,12/31/2013,09/30/2013,06/30/2013,03/31/2013,12/31/2012,09/30/2012,06/30/2012,03/31/2012,12/31/2011,09/30/2011,06/30/2011,03/31/2011,12/31/2010,09/30/2010,06/30/2010,03/31/2010,12/31/2009,09/30/2009,06/30/2009,03/31/2009,12/31/2008,09/30/2008,06/30/2008,03/31/2008,12/31/2007,09/30/2007,06/30/2007,03/31/2007,12/31/2006,09/30/2006,06/30/2006,03/31/2006,12/31/2005,09/30/2005,06/30/2005,03/31/2005,12/31/2004,09/30/2004,06/30/2004,03/31/2004,12/31/2003,09/30/2003,06/30/2003,03/31/2003,12/31/2002,09/30/2002,06/30/2002,03/31/2002,12/31/2001,09/30/2001,06/30/2001,03/31/2001,12/31/2000,09/30/2000,06/30/2000,03/31/2000,12/31/1999,09/30/1999,06/30/1999,03/31/1999,12/31/1998,09/30/1998,06/30/1998,03/31/1998,12/31/1997,09/30/1997,06/30/1997,03/31/1997,12/31/1996,09/30/1996,06/30/1996,03/31/1996,12/31/1995,09/30/1995,06/30/1995,03/31/1995,12/31/1994,09/30/1994,06/30/1994,03/31/1994,12/31/1993,09/30/1993,06/30/1993,03/31/1993,12/31/1992,09/30/1992,06/30/1992,03/31/1992,12/31/1991,09/30/1991,06/30/1991,03/31/1991,12/31/1990,09/30/1990,06/30/1990,03/31/1990,12/31/1989,09/30/1989,06/30/1989,03/31/1989,12/31/1988,09/30/1988,06/30/1988,03/31/1988,12/31/1987,09/30/1987,06/30/1987,07/31/1986,04/30/1986,01/31/1986,10/31/1985
TotalRevenue,"8,999,360,000,000","2,220,419,000,000","2,696,536,000,000","2,113,486,000,000","1,968,919,000,000","1,748,740,000,000","2,463,162,000,000","2,122,259,000,000","1,925,724,000,000","2,127,498,000,000","2,401,805,000,000","2,182,760,000,000","1,953,624,000,000","1,951,021,000,000","2,672,317,000,000","2,062,531,000,000","1,858,113,000,000","1,903,604,000,000","2,397,499,000,000","1,688,948,000,000","1,613,199,000,000","1,824,101,000,000","2,580,812,000,000","1,892,740,000,000","1,808,059,000,000","1,937,712,000,000","2,566,749,000,000","1,901,511,000,000","1,809,908,000,000","1,866,249,000,000","2,412,819,000,000","1,775,486,000,000","1,712,712,000,000","1,733,029,000,000","1,947,980,000,000","1,604,659,000,000","1,515,183,000,000","1,600,426,000,000","1,822,876,000,000","1,574,989,000,000","1,494,921,000,000","1,580,826,000,000","2,206,246,000,000","1,733,152,000,000","1,661,049,000,000","1,715,070,000,000","2,237,865,000,000","1,661,210,000,000","1,599,853,000,000","1,524,060,000,000","2,154,584,000,000","2,064,639,205,920","1,982,795,260,700","2,088,246,345,410","2,803,062,525,490","2,079,730,856,270","1,979,062,700,010","2,087,493,279,440","2,608,535,133,890","1,854,610,261,030","1,736,944,557,100","1,839,323,038,560","2,369,754,425,280","1,710,087,380,540","1,572,513,974,160","1,733,445,311,320","2,139,954,907,200","1,687,685,699,520","1,623,382,302,520","1,777,756,218,380","2,328,579,177,540","1,805,196,212,620","1,600,598,815,200","1,703,391,388,780","2,284,237,987,450","1,784,984,209,590","1,729,335,024,690","1,894,594,185,910","2,281,200,702,720","1,793,961,970,480","1,647,562,136,430","2,030,587,931,260","2,103,218,203,050","1,697,105,372,400","1,578,394,521,060","1,438,147,697,750","1,920,850,900,800","1,621,831,349,330","1,484,670,577,856.31","1,579,649,910,685.16","1,913,194,098,263.76","1,774,689,988,218.68","1,593,556,811,705.82","1,698,984,246,673.29","2,024,910,397,717.45","1,631,693,631,781.36","1,438,368,491,857.92","1,454,230,776,740.51","1,667,336,361,388.31","1,363,418,706,789.46","1,180,760,080,372.5","1,244,819,860,432.39","1,344,981,824,485.64","1,162,315,799,744.98","891,630,972,915.45","900,349,555,475","1,138,038,488,502","981,509,466,847","859,624,942,225","970,280,735,886","1,035,601,868,280","947,823,305,000","826,378,274,183","944,129,269,580","1,103,571,789,664","1,034,123,440,024","920,494,180,011","913,316,686,354","1,149,039,336,392","973,689,125,552","881,215,307,328","887,657,132,340","1,039,556,004,480","923,782,809,964","853,507,440,390","817,849,757,829","874,935,328,588","659,317,032,326","572,974,997,640","599,065,004,966","615,716,358,208","524,200,240,507","458,414,531,970","423,163,938,878","349,385,014,100","420,404,418,950","392,140,444,575","308,437,406,689","326,610,654,933","398,838,797,739","233,066,349,694"
	OperatingRevenue,"8,914,286,000,000","2,192,482,000,000","2,676,336,000,000","2,095,682,000,000","1,949,786,000,000","1,721,864,000,000","2,440,208,000,000","2,100,399,000,000","1,893,466,000,000","2,102,523,000,000","2,381,753,000,000","2,161,232,000,000","1,935,435,000,000","1,929,283,000,000","2,651,212,000,000","2,042,350,000,000","1,830,003,000,000","1,882,645,000,000","2,376,920,000,000","1,670,621,000,000","1,593,426,000,000","1,802,985,000,000","2,559,042,000,000","1,872,649,000,000","1,781,000,000,000","1,910,538,000,000","2,542,696,000,000","1,874,351,000,000","1,785,556,000,000","1,844,140,000,000","2,381,893,000,000","1,754,786,000,000","1,690,399,000,000","1,708,482,000,000","1,926,281,000,000","1,604,659,000,000","1,515,183,000,000","1,600,426,000,000","1,822,876,000,000","1,574,989,000,000","1,494,921,000,000","1,580,826,000,000","2,206,246,000,000","1,733,152,000,000","1,661,049,000,000","1,715,070,000,000","2,237,865,000,000","1,661,210,000,000","1,599,853,000,000","1,524,060,000,000","2,154,584,000,000","1,943,096,341,560","1,982,795,260,700","2,088,246,345,410","2,803,062,525,490","2,079,730,856,270","1,979,062,700,010","2,087,493,279,440","2,608,535,133,890","1,854,610,261,030","1,736,944,557,100","1,839,323,038,560","2,369,754,425,280","1,710,087,380,540","1,572,513,974,160","1,733,445,311,320","2,139,954,907,200","1,687,685,699,520","1,623,382,302,520","1,777,756,218,380","2,328,579,177,540","1,805,196,212,620","1,600,598,815,200","1,703,391,388,780","2,284,237,987,450","1,784,984,209,590","1,729,335,024,690","1,894,594,185,910","2,281,200,702,720","1,793,961,970,480","1,647,562,136,430","2,030,587,931,260","2,103,218,203,050","1,697,105,372,400","1,578,394,521,060","1,438,147,697,750","1,920,850,900,800","1,621,831,349,330","1,484,670,577,856.31","1,579,649,910,685.16","1,913,194,098,263.76","1,774,689,988,218.68","1,593,556,811,705.82","1,698,984,246,673.29","2,024,910,397,717.45","1,631,693,631,781.36","1,438,368,491,857.92","1,454,230,776,740.51","1,667,336,361,388.31","1,363,418,706,789.46","1,180,760,080,372.5","1,244,819,860,432.39","1,344,981,824,485.64","1,162,315,799,744.98","891,630,972,915.45","900,349,555,475","1,138,038,488,502","981,509,466,847","859,624,942,225","970,280,735,886","1,035,601,868,280","947,823,305,000","826,378,274,183","944,129,269,580","1,103,571,789,664","1,034,123,440,024","920,494,180,011","913,316,686,354","1,149,039,336,392","973,689,125,552","881,215,307,328","887,657,132,340","1,039,556,004,480","923,782,809,964","853,507,440,390","817,849,757,829","874,935,328,588","659,317,032,326","572,974,997,640","599,065,004,966","615,716,358,208","524,200,240,507","458,414,531,970","423,163,938,878","349,385,014,100","420,404,418,950","392,140,444,575","308,437,406,689","326,610,654,933","398,838,797,739","233,066,349,694"
CostOfRevenue,"6,561,559,000,000","1,705,178,000,000","1,931,676,000,000","1,474,373,000,000","1,450,332,000,000","1,298,592,000,000","1,783,768,000,000","1,493,158,000,000","1,349,531,000,000","1,618,343,000,000","1,705,132,000,000","1,535,078,000,000","1,404,643,000,000","1,461,755,000,000","1,923,366,000,000","1,474,951,000,000","1,370,350,000,000","1,409,690,000,000","1,781,776,000,000","1,274,434,000,000","1,197,254,000,000","1,422,268,000,000","1,890,775,000,000","1,395,302,000,000","1,366,307,000,000","1,505,267,000,000","1,910,636,000,000","1,389,714,000,000","1,352,517,000,000","1,473,088,000,000","1,820,386,000,000","1,359,127,000,000","1,303,610,000,000","1,412,335,000,000","1,513,522,000,000","1,044,996,000,000","1,006,413,000,000","1,844,394,000,000","1,262,557,000,000","1,200,462,000,000","973,569,000,000","1,777,845,000,000","1,492,388,000,000","1,127,627,000,000","1,109,291,000,000","1,185,478,000,000","1,510,841,000,000","1,134,820,000,000","1,061,424,000,000","1,213,948,000,000","1,564,079,000,000","1,509,166,062,960","1,370,220,913,420","1,123,373,875,940","2,123,169,812,760","1,501,842,853,200","1,330,623,773,160","1,569,501,125,770","1,820,843,946,880","1,424,389,781,080","1,207,054,502,000","1,296,264,570,500","1,575,820,551,340","1,184,727,114,340","1,105,984,117,680","1,248,730,012,400","1,483,685,652,000","1,173,984,809,760","1,110,929,873,400","1,242,161,534,350","1,555,067,083,610","1,214,652,068,940","1,185,868,272,960","1,313,929,676,310","1,614,918,604,200","1,307,495,761,950","1,141,177,055,480","1,333,126,914,570","1,546,076,930,560","1,371,515,944,400","1,229,840,462,200","1,570,042,283,680","1,534,864,485,600","1,239,822,249,120","1,181,196,007,390","1,147,942,492,850","1,363,125,133,500","1,187,330,624,770","1,092,438,607,962.73","1,237,837,335,221.4","1,348,280,484,793.12","1,270,749,280,884.46","1,145,957,253,919.2","1,259,183,954,830.87","1,429,741,277,600.72","1,184,735,940,046.16","1,043,838,531,282.12","1,076,165,173,328.8","1,199,821,782,008.76","1,011,553,308,803.7","875,026,203,726.6","656,980,123,513.17","932,100,371,483.22","797,152,046,212.66","636,625,125,090.69","614,419,917,775","763,287,304,158","688,993,679,920","559,432,985,590",,,"654,382,512,280","540,135,069,474","632,499,039,016","730,331,472,640","703,811,591,200","594,205,656,594","630,646,306,287","756,390,098,082","630,744,738,936","556,594,037,856","562,329,749,475","652,897,838,340","577,315,886,294","507,495,846,720","451,388,162,670","544,021,271,938","418,244,735,551",,,,,,,,,,,,,
GrossProfit,"2,437,801,000,000","515,241,000,000","764,860,000,000","639,113,000,000","518,587,000,000","450,148,000,000","679,394,000,000","629,101,000,000","576,193,000,000","509,155,000,000","696,673,000,000","647,682,000,000","548,981,000,000","489,266,000,000","748,951,000,000","587,580,000,000","487,763,000,000","493,914,000,000","615,723,000,000","414,514,000,000","415,945,000,000","401,833,000,000","690,037,000,000","497,438,000,000","441,752,000,000","432,445,000,000","656,113,000,000","511,797,000,000","457,391,000,000","393,161,000,000","592,433,000,000","416,359,000,000","409,102,000,000","320,694,000,000","434,458,000,000","559,663,000,000","508,770,000,000","-243,968,000,000","560,319,000,000","374,527,000,000","521,352,000,000","-197,019,000,000","713,858,000,000","605,525,000,000","551,758,000,000","529,592,000,000","727,024,000,000","526,390,000,000","538,429,000,000","310,112,000,000","590,505,000,000","555,473,142,960","612,574,347,280","964,872,469,470","679,892,712,730","577,888,003,070","648,438,926,850","517,992,153,670","787,691,187,010","430,220,479,950","529,890,055,100","543,058,468,060","793,933,873,940","525,360,266,200","466,529,856,480","484,715,298,920","656,269,255,200","513,700,889,760","512,452,429,120","535,594,684,030","773,512,093,930","590,544,143,680","414,730,542,240","389,461,712,470","669,319,383,250","477,488,447,640","588,157,969,210","561,467,271,340","735,123,772,160","422,446,026,080","417,721,674,230","460,545,647,580","568,353,717,450","457,283,123,280","397,198,513,670","290,205,204,900","557,725,767,300","434,500,724,560","392,231,969,893.58","341,812,575,463.76","564,913,613,470.64","503,940,707,334.22","447,599,557,786.62","439,800,291,842.42","595,169,120,116.73","446,957,691,735.2","394,529,960,575.8","378,065,603,411.71","467,514,579,379.55","351,865,397,985.76","305,733,876,645.9","587,839,736,919.22","412,881,453,002.42","365,163,753,532.32","255,005,847,824.76","285,929,637,700","374,751,184,344","292,515,786,927","300,191,956,635",,,"293,440,792,720","286,243,204,709","311,630,230,564","373,240,317,024","330,311,848,824","326,288,523,417","282,670,380,067","392,649,238,310","342,944,386,616","324,621,269,472","325,327,382,865","386,658,166,140","346,466,923,670","346,011,593,670","366,461,595,159","330,914,056,650","241,072,296,775",,,,,,,,,,,,,
OperatingExpense,"1,469,955,000,000","446,138,000,000","410,130,000,000","323,769,000,000","301,166,000,000","397,510,000,000","400,032,000,000","354,916,000,000","350,167,000,000","399,910,000,000","430,025,000,000","397,129,000,000","349,761,000,000","424,007,000,000","415,532,000,000","386,279,000,000","357,379,000,000","417,860,000,000","411,652,000,000","338,347,000,000","338,097,000,000","433,482,000,000","461,418,000,000","418,308,000,000","378,722,000,000","508,529,000,000","473,282,000,000","419,203,000,000","410,447,000,000","472,335,000,000","458,814,000,000","412,378,000,000","384,993,000,000","390,730,000,000","388,687,000,000","331,459,000,000","346,750,000,000","354,674,000,000","355,674,000,000","345,393,000,000","320,146,000,000","-110,030,000,000","576,827,000,000","539,146,000,000","359,770,000,000","394,145,000,000","402,440,000,000","370,268,000,000","378,037,000,000","409,990,000,000","461,903,000,000","544,452,691,440","538,976,215,750","469,670,194,530","494,243,888,820","487,524,828,340","548,925,412,530","85,552,218,350","608,773,270,420","451,111,844,820","502,977,549,600","605,491,772,770","590,903,179,310","459,207,990,780","481,947,747,600","561,154,622,620","518,674,341,000","470,672,387,640","502,555,745,960","645,564,847,480","614,369,996,690","557,203,377,260","398,083,835,520","503,091,595,270","471,789,989,400","427,111,226,100","536,047,244,850","584,410,074,250","576,882,587,680","425,791,186,920","414,728,147,750","473,049,613,420","422,339,876,750","396,622,013,760","363,134,735,180","334,283,063,300","393,087,247,800","364,776,537,840","349,927,037,372.64","378,006,726,654.08","388,698,124,726.88","392,414,161,366.24","356,477,058,816.96","379,398,690,097.99","370,159,864,743.82","307,160,728,924","296,704,680,176.8","308,911,311,645.61","302,965,758,035.81","270,967,936,123.87","250,009,776,895.4","537,056,753,185.69","302,395,897,351.68","304,075,935,934.22","239,320,368,008.07","259,602,778,137","304,174,305,342","590,746,819,936","268,582,959,332",,,"281,138,974,160","261,019,402,721","306,124,238,556","316,256,490,912","303,046,643,400","289,353,523,041","300,780,133,347","314,094,405,014","295,831,681,340","265,842,336,480","285,919,878,720","291,995,171,580","272,654,405,149","255,391,683,900","248,012,872,104","239,724,059,280","203,617,127,771",,,,,,,,,,,,,
	SellingGeneralAndAdministration,"1,469,955,000,000","429,647,000,000","409,835,000,000","329,307,000,000","301,166,000,000","397,510,000,000","400,032,000,000","354,916,000,000","350,167,000,000","399,910,000,000","430,025,000,000","397,129,000,000","349,761,000,000","424,007,000,000","415,532,000,000","386,279,000,000","357,379,000,000","417,860,000,000","411,652,000,000","338,347,000,000","338,097,000,000","433,482,000,000","461,418,000,000","418,308,000,000","378,722,000,000","508,529,000,000","473,282,000,000","419,203,000,000","410,447,000,000","472,335,000,000","458,814,000,000","412,378,000,000","384,993,000,000","390,730,000,000","388,687,000,000","331,459,000,000","346,750,000,000","354,674,000,000","355,674,000,000","345,393,000,000","320,146,000,000","375,601,000,000","403,047,000,000","363,395,000,000","359,770,000,000","394,145,000,000","402,440,000,000","370,268,000,000","378,037,000,000","409,990,000,000","461,903,000,000","539,472,295,080","543,011,899,730","424,850,701,220","491,226,117,450","535,060,221,400","403,349,949,750","91,147,123,260","612,106,405,260","449,341,390,170","495,762,707,700","565,944,577,240","585,115,800,580","432,315,899,400","480,062,106,240","547,634,320,360","516,930,035,600","462,859,027,920","497,661,781,760","623,633,690,400","604,075,090,130","548,394,278,440","403,473,057,120","503,209,568,490","471,789,989,400","427,111,226,100","424,056,995,480","584,542,984,040","576,882,587,680","425,791,186,920","414,728,147,750","473,049,613,420","422,339,876,750","396,622,013,760","363,134,735,180","334,283,063,300","393,087,247,800","364,776,537,840","349,927,037,372.64","378,006,726,654.08","388,698,124,726.88","392,414,161,366.24","356,477,058,816.96","379,398,690,097.99","370,159,864,743.82","307,160,728,924","296,704,680,176.8","308,911,311,645.61","302,965,758,035.81","270,967,936,123.87","250,009,776,895.4","307,380,610,180.69","302,395,897,351.68","304,075,935,934.22","239,320,368,008.07","206,708,946,272","249,830,805,222","534,375,508,667","217,541,959,327",,,"222,938,646,352","204,415,227,786","236,665,902,464","243,897,265,376","238,001,023,600","221,144,540,739","227,282,702,620","245,084,083,906","230,572,154,956","208,276,477,152","224,473,908,120","236,087,554,380","221,092,056,038","209,396,828,790","199,903,761,152","193,388,905,376","166,594,563,178",,,,,,,,,,,,,
	DepreciationAmortizationDepletionIncomeStatement,,,,,,,,,,,,,,,,,,,,,,,,,,,,,,,,,,,,,,,,,,,,,,,,,,,,,,,,,,,,,,,,,,,,,,,,,,,,,,,,,,,,,,,,,,,,,,,,,,,,,,,,,,"52,893,831,865","54,343,500,120","56,371,311,269","51,041,000,005",,,"58,200,327,808","56,604,174,935","69,458,336,092","72,359,225,536","65,045,619,800","68,208,982,302","73,497,430,727","69,010,321,108","65,259,526,384","57,565,859,328","61,445,970,600","55,907,617,200","51,562,349,111","45,994,855,110","48,109,110,952","46,335,153,904","37,022,564,593",,,,,,,,,,,,,
		DepreciationAndAmortizationInIncomeStatement,,,,,,,,,,,,,,,,,,,,,,,,,,,,,,,,,,,,,,,,,,,,,,,,,,,,,,,,,,,,,,,,,,,,,,,,,,,,,,,,,,,,,,,,,,,,,,,,,,,,,,,,,,"52,893,831,865","54,343,500,120","56,371,311,269","51,041,000,005",,,"58,200,327,808","56,604,174,935","69,458,336,092","72,359,225,536","65,045,619,800","68,208,982,302","73,497,430,727","69,010,321,108","65,259,526,384","57,565,859,328","61,445,970,600","55,907,617,200","51,562,349,111","45,994,855,110","48,109,110,952","46,335,153,904","37,022,564,593",,,,,,,,,,,,,
	OtherOperatingExpenses,,,"295,000,000","-5,538,000,000",,"20,406,000,000","-18,056,000,000","-2,404,000,000","-3,557,000,000","28,183,000,000","-112,809,000,000","13,383,000,000","-325,000,000",,"-13,119,000,000","-901,000,000","-26,111,000,000","-16,453,000,000","113,013,000,000","31,568,000,000","20,873,000,000","60,317,000,000","28,253,000,000","-7,945,000,000","-33,454,000,000","21,908,000,000","608,000,000","178,811,000,000","-19,669,000,000","29,191,000,000","44,956,000,000","-12,808,000,000","-12,673,000,000",,"-1,018,000,000",,,,,,,,"173,780,000,000","175,751,000,000",,,,,,,,"4,980,396,360","-4,035,683,980",,"3,017,771,370","-47,535,393,060","145,575,462,780",,"-3,333,134,840","1,770,454,650","7,214,841,900","39,547,195,530","5,787,378,730","26,892,091,380","1,885,641,360","13,520,302,260","1,744,305,400","7,813,359,720","4,893,964,200","21,931,157,080","10,294,906,560","8,809,098,820","-5,389,221,600",,,,"111,990,249,370",,,,,,,,,,,,,,,,,,,,,,,,,,,,,,,,,,,,,,,,,,,,,,,,,,,,,,,,,,,,,,,,
OperatingIncome,"967,846,000,000","69,103,000,000","354,730,000,000","315,344,000,000","217,421,000,000","52,638,000,000","279,362,000,000","274,185,000,000","226,026,000,000","109,245,000,000","266,648,000,000","250,553,000,000","199,220,000,000","65,259,000,000","333,419,000,000","201,301,000,000","130,384,000,000","76,054,000,000","204,071,000,000","76,167,000,000","77,848,000,000","-31,649,000,000","228,619,000,000","79,130,000,000","63,030,000,000","-76,084,000,000","182,831,000,000","92,594,000,000","46,944,000,000","-79,174,000,000","133,619,000,000","3,981,000,000","24,109,000,000","-70,036,000,000","45,771,000,000","228,204,000,000","162,020,000,000","-598,642,000,000","204,645,000,000","29,134,000,000","201,206,000,000","-86,989,000,000","137,031,000,000","66,379,000,000","191,988,000,000","135,447,000,000","324,584,000,000","156,122,000,000","160,392,000,000","-99,878,000,000","128,602,000,000","11,020,451,520","73,598,131,530","495,202,274,940","185,648,823,910","90,363,174,730","99,513,514,320","432,439,935,320","178,917,916,590","-20,891,364,870","26,912,505,500","-62,433,304,710","203,030,694,630","66,152,275,420","-15,417,891,120","-76,439,323,700","137,594,914,200","43,028,502,120","9,896,683,160","-109,970,163,450","159,142,097,240","33,340,766,420","16,646,706,720","-113,629,882,800","197,529,393,850","50,377,221,540","52,110,724,360","-22,942,802,910","158,241,184,480","-3,345,160,840","2,993,526,480","-12,503,965,840","146,013,840,700","60,661,109,520","34,063,778,490","-44,077,858,400","164,638,519,500","69,724,186,720","42,304,932,520.94","-36,194,151,190.32","176,215,488,743.76","111,526,545,967.98","91,122,498,969.66","60,401,601,744.43","225,009,255,372.91","139,796,962,811.2","97,825,280,399","69,154,291,766.1","164,548,821,343.74","80,897,461,861.89","55,724,099,750.5","50,782,983,733.53","110,485,555,650.74","61,087,817,598.1","15,685,479,816.69","26,326,859,563","70,576,879,002","-298,231,033,009","31,608,997,303","-2,649,648,230,274","1,035,601,868,280","12,301,818,560","25,223,801,988","5,505,992,008","56,983,826,112","27,265,205,424","36,935,000,376","-18,109,753,280","78,554,833,296","47,112,705,276","58,778,932,992","39,407,504,145","94,662,994,560","73,812,518,521","90,619,909,770","118,448,723,055","91,189,997,370","37,455,169,004","572,974,997,640","-1,449,900,061,191","615,716,358,208","524,200,240,507","458,414,531,970","-967,058,471,412","349,385,014,100","420,404,418,950","392,140,444,575","308,437,406,689","326,610,654,933","398,838,797,739","-1,072,693,104,706"
NetNonOperatingInterestIncomeExpense,"-1,728,000,000","-1,572,000,000","-1,003,000,000","-184,000,000","1,031,000,000","2,323,000,000","2,771,000,000","2,169,000,000","925,000,000","4,114,000,000","2,926,000,000","695,000,000","1,416,000,000","444,000,000","-17,000,000","1,522,000,000","4,269,000,000","958,000,000","-1,247,000,000","-2,222,000,000","-574,000,000","-2,565,000,000","-5,607,000,000","-2,917,000,000","-1,742,000,000","-1,472,000,000","-2,534,000,000","-3,710,000,000","-2,997,000,000","391,000,000","-2,595,000,000","-1,535,000,000","-3,069,000,000","4,564,000,000","-4,667,000,000","-201,192,000,000","-1,853,000,000","516,683,000,000","-188,935,000,000","-4,108,000,000","-1,838,000,000","-3,873,000,000","-1,971,000,000","-3,393,000,000","-138,989,000,000","-165,853,000,000","-170,858,000,000","-167,837,000,000","-176,316,000,000","-147,920,000,000","-135,425,000,000",,,,,,,,,,,,,,,,,,,,,,,,,,,,,,,,,,,,,,,,,,,,,,,,,,,,,,,,,,,,,,,,,,,,,,,,,,,,,,,,,,,,,,,,,,
	InterestIncomeNonOperating,"10,457,000,000","3,348,000,000","1,753,000,000","2,520,000,000","2,836,000,000","4,620,000,000","3,900,000,000","4,953,000,000","5,805,000,000","5,877,000,000","6,436,000,000","4,571,000,000","4,734,000,000","3,228,000,000","3,519,000,000","4,252,000,000","8,785,000,000","3,600,000,000","2,502,000,000","2,130,000,000","3,227,000,000","3,400,000,000","2,739,000,000","3,664,000,000","2,652,000,000","3,727,000,000","3,408,000,000","2,337,000,000","3,415,000,000","5,571,000,000","1,637,000,000","5,557,000,000","3,887,000,000","10,390,000,000","2,689,000,000","3,198,000,000","5,710,000,000","6,017,000,000","2,469,000,000","2,341,000,000","4,274,000,000","3,518,000,000","2,585,000,000","2,467,000,000","3,213,000,000","3,050,000,000","2,060,000,000","3,661,000,000","4,420,000,000","3,784,000,000","4,220,000,000",,,,,,,,,,,,,,,,,,,,,,,,,,,,,,,,,,,,,,,,,,,,,,,,,,,,,,,,,,,,,,,,,,,,,,,,,,,,,,,,,,,,,,,,,,
	InterestExpenseNonOperating,"12,185,000,000","4,920,000,000","2,756,000,000","2,704,000,000","1,805,000,000","2,297,000,000","1,129,000,000","2,784,000,000","4,880,000,000","1,763,000,000","3,510,000,000","3,876,000,000","3,318,000,000","2,784,000,000","3,536,000,000","2,730,000,000","4,516,000,000","2,642,000,000","3,749,000,000","4,352,000,000","3,801,000,000","5,965,000,000","8,346,000,000","6,581,000,000","4,394,000,000","5,199,000,000","5,942,000,000","6,047,000,000","6,412,000,000","5,180,000,000","4,232,000,000","7,092,000,000","6,956,000,000","5,826,000,000","7,356,000,000","204,390,000,000","7,563,000,000","-510,666,000,000","191,404,000,000","6,449,000,000","6,112,000,000","7,391,000,000","4,556,000,000","5,860,000,000","142,202,000,000","168,903,000,000","172,918,000,000","171,498,000,000","180,736,000,000","151,704,000,000","139,645,000,000",,,,,,,,,,,,,,,,,,,,,,,,,,,,,,,,,,,,,,,,,,,,,,,,,,,,,,,,,,,,,,,,,,,,,,,,,,,,,,,,,,,,,,,,,,
OtherIncomeExpense,"226,252,000,000","27,945,000,000","123,644,000,000","-15,556,000,000","101,467,000,000","-58,944,000,000","28,188,000,000","-14,260,000,000","4,067,000,000","-725,000,000","70,956,000,000","-4,850,000,000","111,450,000,000","-57,232,000,000","9,717,000,000","-4,258,000,000","14,241,000,000","10,844,000,000","-136,597,000,000","-33,425,000,000","-20,258,000,000","-65,466,000,000","-29,732,000,000","-4,019,000,000","77,422,000,000","-28,965,000,000","-12,469,000,000","-178,839,000,000","24,430,000,000","-37,462,000,000","-41,255,000,000","3,518,000,000","25,213,000,000","252,660,000,000","-11,674,000,000","-7,362,000,000","-150,754,000,000","-31,037,000,000","-12,827,000,000","-24,931,000,000","-176,249,000,000","37,043,000,000","-6,115,000,000","-5,346,000,000","19,248,000,000","54,709,000,000","133,698,000,000","-375,000,000","-1,962,000,000","-71,261,000,000","84,083,000,000","112,959,628,080","-9,558,198,900","-85,308,682,820","132,446,632,350","67,399,216,730","3,817,968,990","-62,442,262,660","50,473,184,720","13,927,576,580","21,644,525,700","-18,321,690,900","38,149,455,710","2,609,781,020","17,858,132,880","1,524,867,020","16,314,385,800","22,119,511,320","14,790,647,360","1,556,715,380","-4,289,544,400","8,586,083,660","14,850,299,520","-14,698,104,510","-4,157,263,250","-9,369,676,470","-52,588,804,400","1,705,645,980","-50,157,979,440","6,331,911,590","-14,219,250,780","36,039,815,980","-16,389,308,650","-2,486,997,360","3,395,766,080","-15,905,142,600","2,454,238,800","22,001,382,090","986,668,277.63","-9,616,377,622.48","58,945,051,555.48","-650,579,385.3","5,744,346,152.46","-12,076,261,632.84","2,258,694,425.9","-19,569,815,492.4","4,466,837,635.68","-2,764,423,908.02","-3,211,061,923.92","-1,472,262,532.16","1,046,614,553.2","5,480,819,137.4","-25,007,685,671.31","-32,250,611,082.28","21,171,955,068.48","-6,270,382,008","6,310,215,948","9,897,856,969","8,593,788,429",,,"23,235,590,056","31,380,372,947","66,185,194,284","18,358,127,072","10,755,008,472","16,970,475,309","91,772,623,534","81,765,487,265","21,385,902,564","24,054,699,360","21,427,295,850","36,611,347,380","10,254,425,902","6,529,382,145","-45,019,052,060","24,532,911,822","8,945,142,821",,,,,,,,,,,,,
	GainOnSaleOfSecurity,"230,970,000,000","33,927,000,000","120,294,000,000","-15,097,000,000","91,846,000,000","-37,965,000,000","12,965,000,000","-20,596,000,000","-1,373,000,000","26,287,000,000","-39,692,000,000","5,013,000,000","115,790,000,000","-8,594,000,000","-6,379,000,000","-6,298,000,000","-12,968,000,000","-5,650,000,000","-23,138,000,000","-2,425,000,000","1,687,000,000","-3,300,000,000","-1,735,000,000","-11,807,000,000","45,036,000,000","-5,272,000,000","-9,565,000,000","-206,000,000","3,224,000,000","-2,453,000,000","2,661,000,000","-5,744,000,000","6,191,000,000","36,802,000,000","-11,356,000,000","-7,301,000,000","5,529,000,000","1,926,000,000","-11,404,000,000","5,049,000,000","-2,896,000,000","10,809,000,000","-4,640,000,000","-2,882,000,000","13,931,000,000","6,859,000,000","148,374,000,000","11,885,000,000","-5,957,000,000","-12,676,000,000","78,809,000,000",,,,,,,,,,,,,,,,,,,,,,,,,,,,,,,,,,,,,,,,,,,,,,,,,,,,,,,,,,,,,,,,,,,,,,,,,,,,,,,,,,,,,,,,,,
	EarningsFromEquityInterest,"11,487,000,000","4,845,000,000","4,496,000,000","2,420,000,000","-274,000,000","3,215,000,000","2,714,000,000","2,366,000,000","1,342,000,000","1,668,000,000","-2,469,000,000","2,341,000,000","-4,539,000,000","1,128,000,000","4,299,000,000","2,026,000,000","1,116,000,000","1,884,000,000","1,314,000,000","1,148,000,000","-783,000,000","-907,000,000","1,779,000,000","943,000,000","423,000,000","219,000,000","-128,000,000","629,000,000","3,201,000,000","-6,593,000,000","1,669,000,000","-2,025,000,000","-425,000,000","-3,183,000,000","-360,000,000","-3,126,000,000","-279,000,000",,,"1,122,000,000","-4,835,000,000",,,,,"3,097,000,000","-5,927,000,000","-12,347,000,000",,,,"1,165,624,680","2,230,246,410","-6,242,754,900","45,937,186,410","21,126,841,360","21,922,531,620","-34,796,575,210","43,092,671,860","19,711,061,770","3,664,681,600","5,387,429,580","19,488,112,050","-2,609,781,020","-9,206,366,640","638,187,660","2,257,336,400","6,052,602,600","20,337,140,120","5,421,408,150","3,109,919,690","3,010,704,660","-9,700,598,880","-15,136,697,560","-9,858,652,850","-11,316,622,230","-8,485,920,710","-8,358,545,640","-16,850,974,720","-4,659,331,170","-4,739,750,260","-3,062,227,370","-10,314,949,500","-24,545,582,640","-7,216,002,920","-20,935,074,300","-5,931,077,100","-4,251,474,800","-5,506,968,824.34",,,,,,,,,,,,,,,,,,,,,,,,,,,,,,,,,,,,,,,,,,,,,,,,,,,,
	SpecialIncomeCharges,"-6,940,000,000","-6,940,000,000","0",,,"2,116,000,000","-6,358,000,000",,,,,,,,,,,,,,,,,,,,,,,,,,,,,"3,065,000,000","-156,004,000,000","88,734,000,000","-1,423,000,000","-31,102,000,000","-168,518,000,000","12,172,000,000","-1,475,000,000","-2,464,000,000","5,317,000,000","44,753,000,000","-8,749,000,000","87,000,000","3,995,000,000","-35,358,000,000","5,274,000,000","111,794,003,400","-11,788,445,310","-77,053,927,920","86,509,445,940","46,272,375,370","-18,104,562,630","-22,197,687,450","7,380,512,860","-5,783,485,190","17,979,844,100","-23,709,120,480","18,661,343,660","5,219,562,040","27,064,499,520","886,679,360","14,057,049,400","16,066,908,720","-5,546,492,760","-3,864,692,770","-7,399,464,090","5,575,379,000","24,550,898,400","438,593,050","5,701,389,600","1,946,945,760","-44,102,883,690","10,064,191,620","-33,307,004,720","10,991,242,760","-9,479,500,520","39,102,043,350","-6,074,359,150","22,058,585,280","10,611,769,000","5,029,931,700","8,385,315,900","26,252,856,890","6,493,637,101.97","-9,616,377,622.48","58,945,051,555.48","-650,579,385.3","5,744,346,152.46","-12,076,261,632.84","2,258,694,425.9","-19,569,815,492.4","4,466,837,635.68","-2,764,423,908.02","-3,211,061,923.92","-1,472,262,532.16","1,046,614,553.2","5,480,819,137.4","-25,007,685,671.31","-32,250,611,082.28","21,171,955,068.48","-6,270,382,008","6,310,215,948","9,897,856,969","8,593,788,429",,,"23,235,590,056","31,380,372,947","66,185,194,284","18,358,127,072","10,755,008,472","16,970,475,309","91,772,623,534","81,765,487,265","21,385,902,564","24,054,699,360","21,427,295,850","36,611,347,380","10,254,425,902","6,529,382,145","-45,019,052,060","24,532,911,822","8,945,142,821",,,,,,,,,,,,,
		ImpairmentOfCapitalAssets,,,,,,,,,,,,,,,,,,,,,,,,,,,,,,,,,,,,,,,,,,,,,,,"5,353,000,000","11,002,000,000",,,,,,,,,,,,,,,,,,,,,,,,,,,,,,,,,,,,,,,,,,,,,,,,,,,,,,,,,,,,,,,,,,,,,,,,,,,,,,,,,,,,,,,,,,,,,
		OtherSpecialCharges,,,,,,"0","6,358,000,000",,,,,,,,,,,,,,,,,,,,,,,,,,,,,"-3,065,000,000","156,004,000,000",,,"31,102,000,000","168,518,000,000",,,,,"-32,067,000,000","3,396,000,000","-11,089,000,000",,"33,519,000,000","-3,759,000,000",,,,,,,,,,,,,,,,,,,,,,,,,,,,,,,,,,,,,,,,,,,,,,,,,,,,,,,,,,,,,,,,,,,,,,,,,,,,,,,,,,,,,,,,,,
		GainOnSaleOfBusiness,"16,895,000,000",,,,,,,,,,,,,,,,,,,,,,,,,,,,,,,,,,,,,,,,,,,,,,,,,,"1,515,000,000",,,,,,,,,,,,,,,,,,,,,,,,,,,,,,,,,,,,,,,,,,,,,,,,,,,,,,,,,,,,,,,,,,,,,,,,,,,,,,,,,,,,,,,,,,
		GainOnSaleOfPPE,"-23,835,000,000"
	OtherNonOperatingIncomeExpenses,"-9,265,000,000","-3,887,000,000","-1,146,000,000","-2,879,000,000","9,895,000,000","-26,310,000,000","18,867,000,000","3,970,000,000","4,098,000,000","-100,248,000,000","113,117,000,000","-12,204,000,000","199,000,000","-45,694,000,000","11,797,000,000","14,000,000","26,093,000,000","163,611,000,000","-114,773,000,000","-32,148,000,000","-21,162,000,000","-14,088,000,000","-29,776,000,000","6,845,000,000","31,963,000,000","157,746,000,000","-2,776,000,000","-179,262,000,000","18,005,000,000","20,250,000,000","-45,585,000,000","11,287,000,000","19,447,000,000","-16,178,000,000","42,000,000",,,,,,,,,,,,,,,,,,,,,,,,,,,,,,,,,,,,,,,,,,,,,,,,,,,,,,,,,,,,,,,,,,,,,,,,,,,,,,,,,,,,,,,,,,,,,,,,,,,,,,,,,,
PretaxIncome,"1,192,370,000,000","95,476,000,000","477,371,000,000","299,604,000,000","319,919,000,000","-3,983,000,000","310,321,000,000","262,094,000,000","231,018,000,000","112,634,000,000","340,530,000,000","246,398,000,000","312,086,000,000","8,471,000,000","343,119,000,000","198,565,000,000","148,894,000,000","87,856,000,000","66,227,000,000","40,520,000,000","57,016,000,000","-99,680,000,000","193,280,000,000","72,194,000,000","138,710,000,000","-106,521,000,000","167,828,000,000","-89,955,000,000","68,377,000,000","-116,245,000,000","89,769,000,000","5,964,000,000","46,253,000,000","187,188,000,000","29,430,000,000","19,650,000,000","9,413,000,000","-486,000,000","-105,914,000,000","95,000,000","23,119,000,000","-68,142,000,000","131,535,000,000","62,709,000,000","78,911,000,000","-46,983,000,000","123,865,000,000","-17,026,000,000","-32,944,000,000","-311,635,000,000","66,451,000,000","7,311,645,720","63,084,112,740","15,216,064,840","282,776,354,300","87,837,139,350","83,872,157,490","-105,807,765,380","179,870,240,830","-26,084,698,510","53,825,011,000","-48,234,510,240","226,062,099,780","95,767,616,560","12,977,649,360","-60,718,316,060","148,676,383,800","62,726,972,400","6,634,040,360","-93,785,786,060","158,176,949,750","44,268,509,260","26,347,305,600","-131,520,852,460","188,977,309,450","29,082,502,290","111,392,649,320","-14,168,521,570","102,817,275,440","1,553,110,390","-15,965,474,560","24,988,618,080","124,581,667,850","58,065,981,840","31,835,307,000","-61,575,141,550","154,310,264,550","80,671,734,330","35,541,873,532.08","-48,088,705,907.52","220,737,670,687.96","99,949,653,411.14","87,207,724,357.62","36,694,575,957.59","208,530,071,952.91","104,263,537,720.56","89,950,306,635.84","53,544,168,328.71","143,265,556,648.31","62,911,930,247.39","43,277,380,014.7","17,862,704,173.74","70,113,782,185.7","17,145,055,346.16","27,663,388,424.28","4,242,612,126","55,945,936,662","-307,377,404,334","21,479,549,086",,,"15,992,364,128","36,747,366,348","-2,413,751,932","49,882,687,904","10,874,908,232","27,814,470,651","-22,263,286,149","132,598,759,638","41,816,010,600","58,406,739,936","36,101,785,305","105,423,853,890","58,265,039,896","70,483,843,155","44,098,450,966","94,567,404,680","36,031,760,942",,,,,,,,,,,,,
TaxProvision,"995,000,000","-11,646,000,000","103,661,000,000","-163,898,000,000","72,878,000,000","-19,726,000,000","69,977,000,000","61,927,000,000","65,012,000,000","11,331,000,000","-100,723,000,000","59,268,000,000","75,222,000,000","13,289,000,000","28,234,000,000","55,751,000,000","54,496,000,000","43,127,000,000","36,956,000,000","23,500,000,000","20,475,000,000","-24,565,000,000","55,676,000,000","23,866,000,000","39,812,000,000","-23,553,000,000","56,162,000,000","30,078,000,000","26,046,000,000","10,191,000,000","46,050,000,000","11,601,000,000","26,740,000,000","73,588,000,000","25,907,000,000","22,008,000,000","20,002,000,000","240,432,000,000","28,916,000,000","18,358,000,000","27,534,000,000","313,330,000,000","47,590,000,000","20,746,000,000","43,673,000,000","-5,399,000,000","33,244,000,000","-1,699,000,000","-12,188,000,000","-147,202,000,000","64,395,000,000","-8,901,133,920","19,116,397,800","-2,177,530,400","132,558,401,660","34,905,216,160","39,657,613,380","-24,916,830,860","61,543,954,010","-7,553,939,840","24,736,600,800","23,365,710,630","75,708,362,570","65,357,994,240","12,090,288,720","-5,154,554,400","6,977,221,600","16,066,908,720","-1,848,830,920","-50,628,708,800","67,774,801,520","10,370,204,940","25,269,461,280","-22,525,225,070","64,853,306,700","-14,845,461,420","53,903,524,510","-8,727,603,990","38,967,879,040","14,814,283,720","20,331,034,010","7,760,015,530","52,606,242,450","38,170,002,960","18,358,360,370","-20,625,035,500","60,435,630,450","34,436,945,880","17,084,838,114.81","-32,488,053,096.12","110,422,895,185.92","54,235,471,784","46,862,816,876.16","15,320,780,018.21","97,484,702,115.73","48,382,348,621.04","54,935,774,784.24","41,491,724,496.15","67,861,532,769.21","28,145,101,126.49","26,054,904,929.4","16,354,291,928.18","32,918,683,267.01","8,474,863,717.68","20,199,173,962.14","6,060,610,407","30,804,603,090","8,909,060,069","17,591,179,751",,,"13,691,075,656","29,075,660,075","6,306,100,512","22,788,538,432","7,865,424,256","12,907,122,066","-367,420,746","35,492,093,097","20,151,334,632","35,096,426,688","20,564,197,305","55,459,813,470","30,818,557,630","46,070,955,135","33,294,227,136","52,500,718,738","10,075,496,282",,,,,,,,,,,,,
EarningsFromEquityInterestNetOfTax,,,,,,,,,,,,,,,,,,,,,,,,,,,,,,,,,,,,,,,"-108,797,000,000",,,,,"5,069,000,000","6,664,000,000",,,,"-15,058,000,000",,"-10,809,000,000",,,,,,,,,,,,,,,,,,,,,,,,,,,,,,,,,,,,,,,,,,,,,,,,,,,,,,,,,,,,,,,,,,,,,,,,,,,,,,,,,,,,,,,,,,
NetIncomeCommonStockholders,"1,171,776,000,000","107,000,000,000","371,891,000,000","459,634,000,000","233,251,000,000","12,644,000,000","229,538,000,000","187,887,000,000","152,122,000,000","87,861,000,000","428,962,000,000","173,001,000,000","226,447,000,000","-16,826,000,000","295,897,000,000","130,852,000,000","80,871,000,000","27,650,000,000","19,631,000,000","4,842,000,000","21,166,000,000","-88,337,000,000","120,134,000,000","33,553,000,000","82,441,000,000","-106,790,000,000","89,971,000,000","-135,969,000,000","26,808,000,000","-139,541,000,000","26,979,000,000","-19,287,000,000","3,480,000,000","93,908,000,000","-10,763,000,000","-15,470,000,000","-24,641,000,000","-255,213,000,000","-158,968,000,000","-26,977,000,000","-15,502,000,000","-388,802,000,000","72,334,000,000","31,146,000,000","25,737,000,000","-56,568,000,000","79,167,000,000","-26,308,000,000","-37,093,000,000","-165,140,000,000","10,409,000,000","20,769,312,480","35,046,729,300","35,691,840,340","196,266,908,360","73,599,485,390","66,506,556,600","-67,589,023,370","159,990,472,320","1,652,424,340","32,180,485,300","-66,687,266,970","169,133,190,640","28,594,122,480","-7,320,725,280","-55,301,153,140","143,238,255,200","52,712,666,280","23,382,273,400","-38,250,743,190","92,868,636,260","33,117,751,260","1,077,844,320","-108,995,627,390","124,124,002,750","43,927,963,710","57,489,124,810","-5,384,147,830","63,849,396,400","-13,261,173,330","-30,309,455,610","13,116,561,030","71,975,425,400","19,895,978,880","-89,244,977,290","-40,950,106,050","93,874,634,100","46,234,788,450","18,457,035,417.27","-15,600,652,811.4","110,314,775,502.04","45,714,181,627.14","40,344,907,481.46","21,373,795,939.38","111,045,369,837.18","55,881,189,099.52","35,014,531,851.6","12,052,443,832.56","75,404,023,879.1","34,766,829,120.9","17,222,475,085.3","1,508,412,245.56","37,195,098,918.69","8,670,191,628.48","7,464,214,462.14","-1,817,998,281","25,141,333,572","-316,286,464,403","3,888,369,335","-11,526,712,890","16,796,499,825","2,301,288,472","7,671,706,273","-8,719,852,444","27,094,149,472","3,009,483,976","14,907,348,585","-21,895,865,403","97,106,666,541","21,664,675,968","23,310,313,248","15,537,588,000","49,964,040,420","27,446,482,266","24,412,888,020","10,804,223,830","42,066,685,942","25,956,264,660",,,,,,,,,,,,,
	NetIncome,"1,171,776,000,000","107,000,000,000","371,891,000,000","459,634,000,000","233,251,000,000","12,644,000,000","229,538,000,000","187,887,000,000","152,122,000,000","87,861,000,000","428,962,000,000","173,001,000,000","226,447,000,000","-16,826,000,000","295,897,000,000","130,852,000,000","80,871,000,000","27,650,000,000","19,631,000,000","4,842,000,000","21,166,000,000","-88,337,000,000","120,134,000,000","33,553,000,000","82,441,000,000","-106,790,000,000","89,971,000,000","-135,969,000,000","26,808,000,000","-139,541,000,000","26,979,000,000","-19,287,000,000","3,480,000,000","93,908,000,000","-10,763,000,000","-15,470,000,000","-24,641,000,000","-255,213,000,000","-158,968,000,000","-26,977,000,000","-15,502,000,000","-388,802,000,000","72,334,000,000","31,146,000,000","25,737,000,000","-56,568,000,000","79,167,000,000","-26,308,000,000","-37,093,000,000","-165,140,000,000","10,409,000,000","20,769,312,480","35,046,729,300","35,691,840,340","196,266,908,360","73,599,485,390","66,506,556,600","-67,589,023,370","159,990,472,320","1,652,424,340","32,180,485,300","-66,687,266,970","169,133,190,640","28,594,122,480","-7,320,725,280","-55,301,153,140","143,238,255,200","52,712,666,280","23,382,273,400","-38,250,743,190","92,868,636,260","33,117,751,260","1,077,844,320","-108,995,627,390","124,124,002,750","43,927,963,710","57,489,124,810","-5,384,147,830","63,849,396,400","-13,261,173,330","-30,309,455,610","13,116,561,030","71,975,425,400","19,895,978,880","-89,244,977,290","-40,950,106,050","93,874,634,100","46,234,788,450","18,457,035,417.27","-15,600,652,811.4","110,314,775,502.04","45,714,181,627.14","40,344,907,481.46","21,373,795,939.38","111,045,369,837.18","55,881,189,099.52","35,014,531,851.6","12,052,443,832.56","75,404,023,879.1","34,766,829,120.9","17,222,475,085.3","1,508,412,245.56","37,195,098,918.69","8,670,191,628.48","7,464,214,462.14","-1,817,998,281","25,141,333,572","-316,286,464,403","3,888,369,335","-11,526,712,890","16,796,499,825","2,301,288,472","7,671,706,273","-8,719,852,444","27,094,149,472","3,009,483,976","14,907,348,585","-21,895,865,403","97,106,666,541","21,664,675,968","23,310,313,248","15,537,588,000","49,964,040,420","27,446,482,266","24,412,888,020","10,804,223,830","42,066,685,942","25,956,264,660",,,,,,,,,,,,,
		NetIncomeIncludingNoncontrollingInterests,"1,191,375,000,000","107,122,000,000","373,710,000,000","463,502,000,000","247,041,000,000","15,743,000,000","240,344,000,000","200,167,000,000","166,006,000,000","101,303,000,000","441,253,000,000","187,130,000,000","236,864,000,000","-4,818,000,000","314,885,000,000","142,814,000,000","94,398,000,000","44,729,000,000","29,271,000,000","17,020,000,000","36,541,000,000","-75,115,000,000","137,604,000,000","48,328,000,000","98,898,000,000","-82,968,000,000","111,666,000,000","-120,033,000,000","42,331,000,000","-126,436,000,000","43,719,000,000","-5,637,000,000","19,513,000,000","113,600,000,000","3,523,000,000","-2,358,000,000","-10,589,000,000","-240,918,000,000","-134,830,000,000","-18,263,000,000","-4,415,000,000","-381,472,000,000","83,945,000,000","41,963,000,000","35,238,000,000","-41,584,000,000","90,621,000,000","-15,327,000,000","-20,756,000,000","-164,433,000,000","2,056,000,000","16,212,779,640","43,967,714,940","29,912,840,340","196,155,139,050","74,058,764,550","66,137,075,730","-68,542,509,730","161,418,958,680","1,180,303,100","32,753,091,800","-66,212,791,290","169,841,849,260","27,799,841,300","-6,322,444,560","-55,026,540,840","143,956,498,600","52,712,666,280","24,034,801,960","-37,675,967,910","93,512,067,920","34,790,364,960","718,562,880","-108,921,969,320","125,193,013,300","52,202,483,190","54,740,164,580","-11,988,820,690","63,191,155,200","-18,876,264,740","-33,552,442,630","3,564,807,920","70,027,046,050","15,462,635,760","-88,714,388,840","-43,561,949,000","99,907,971,150","50,698,836,990","20,301,054,314.72","-16,773,483,561.08","117,439,281,626.12","48,466,727,594.22","43,884,153,816.96","23,301,170,969.84","118,063,670,953.72","61,384,307,253.04","37,460,149,531.56","13,471,068,910.5","79,584,484,881.96","37,765,605,990.09","18,022,259,013.7","1,155,911,400.47","41,151,010,338.66","10,210,322,610","9,146,163,013.17","-785,412,972","28,077,475,062","-315,179,011,875","5,857,163,935","-3,308,462,502","16,796,499,825","4,507,131,800","9,453,590,762","-8,660,027,184","29,964,556,832","4,999,819,992","16,517,593,833","-21,895,865,403","97,106,666,541","21,664,675,968","23,310,313,248","15,537,588,000","49,964,040,420","27,446,482,266","24,412,888,020","10,804,223,830","42,066,685,942","25,956,264,660","23,262,174,560","14,492,484,822","28,985,507,008","12,474,902,948","15,486,075,400","12,167,597,405","8,972,911,396","10,796,832,862","4,572,252,025","7,068,389,319","16,397,029,942","20,407,769,406","11,841,887,283"
			NetIncomeContinuousOperations,"1,191,375,000,000","107,122,000,000","373,710,000,000","463,502,000,000","247,041,000,000","15,743,000,000","240,344,000,000","200,167,000,000","166,006,000,000","101,303,000,000","441,253,000,000","187,130,000,000","236,864,000,000","-4,818,000,000","314,885,000,000","142,814,000,000","94,398,000,000","44,729,000,000","29,271,000,000","17,020,000,000","36,541,000,000","-75,115,000,000","137,604,000,000","48,328,000,000","98,898,000,000","-82,968,000,000","111,666,000,000","-120,033,000,000","42,331,000,000","-126,436,000,000","43,719,000,000","-5,637,000,000","19,513,000,000","113,600,000,000","3,523,000,000","-2,358,000,000","-10,589,000,000","-240,918,000,000","-134,830,000,000","-18,263,000,000","-4,415,000,000","-381,472,000,000","83,945,000,000","41,963,000,000","35,238,000,000","-41,584,000,000","90,621,000,000","-15,327,000,000","-20,756,000,000","-164,433,000,000","2,056,000,000","20,769,312,480","35,046,729,300","29,912,840,340","196,266,908,360","73,599,485,390","66,506,556,600","-67,114,023,370","159,990,472,320","1,652,424,340","32,180,485,300","-66,687,266,970","169,133,190,640","28,594,122,480","-7,320,725,280","-55,200,186,300","143,238,255,200","52,712,666,280","28,167,482,840","-38,310,444,390","92,868,636,260","35,236,395,280","1,077,844,320","-108,995,627,390","124,124,002,750","43,927,963,710","57,489,124,810","-5,440,917,580","63,849,396,400","-13,261,173,330","-36,296,508,570","17,228,602,550","71,975,425,400","19,895,978,880","13,476,946,630","-40,950,106,050","93,874,634,100","46,234,788,450","18,457,035,417.27","-15,600,652,811.4","110,314,775,502.04","45,714,181,627.14","40,344,907,481.46","21,373,795,939.38","111,045,369,837.18","55,881,189,099.52","35,014,531,851.6","12,052,443,832.56","75,404,023,879.1","34,766,829,120.9","17,222,475,085.3","1,508,412,245.56","37,195,098,918.69","8,670,191,628.48","7,464,214,462.14","-1,817,998,281","25,141,333,572","-316,286,464,403","3,888,369,335","-11,526,712,890","16,796,499,825","2,301,288,472","7,671,706,273","-8,719,852,444","27,094,149,472","3,009,483,976","14,907,348,585","-21,895,865,403","97,106,666,541","21,664,675,968","23,310,313,248","15,537,588,000","49,964,040,420","27,446,482,266","24,412,888,020","10,804,223,830","42,066,685,942","25,956,264,660","23,262,174,560","14,492,484,822","28,985,507,008","12,474,902,948","15,486,075,400","12,167,597,405","8,972,911,396","10,796,832,862","4,572,252,025","7,068,389,319","16,397,029,942","20,407,769,406","11,841,887,283"
			NetIncomeExtraordinary,,,,,,,,,,,,,,,,,,,,,,,,,,,,,,,,,,,,,,,,,,,,,,,,,,,,,,,,,,,,,,,,,,"-100,966,840",,,"-4,785,209,440","59,701,200",,"-2,118,644,020",,,,,,"56,769,750",,,"5,987,052,960","-4,112,041,520",,,"-102,721,923,920",,,,,,,,,,,,,,,,,,,,,,,,,,,,,,,,,,,,,,,,,,,,,,,,,,,,,,,,
		MinorityInterests,"-19,599,000,000","-122,000,000","-1,819,000,000","-3,868,000,000","-13,790,000,000","-3,099,000,000","-10,806,000,000","-12,280,000,000","-13,884,000,000","-13,442,000,000","-12,291,000,000","-14,129,000,000","-10,417,000,000","-12,008,000,000","-18,988,000,000","-11,962,000,000","-13,527,000,000","-17,079,000,000","-9,640,000,000","-12,178,000,000","-15,375,000,000","-13,222,000,000","-17,470,000,000","-14,775,000,000","-16,457,000,000","-23,822,000,000","-21,695,000,000","-15,936,000,000","-15,523,000,000","-13,105,000,000","-16,740,000,000","-13,650,000,000","-16,033,000,000","-19,692,000,000","-14,286,000,000","-13,112,000,000","-14,052,000,000","-14,295,000,000","-24,138,000,000","-8,714,000,000","-11,087,000,000","-7,330,000,000","-11,611,000,000","-10,817,000,000","-9,501,000,000","-14,984,000,000","-11,454,000,000","-10,981,000,000","-16,337,000,000","-707,000,000","8,353,000,000","4,556,532,840","-8,920,985,640",,"111,769,310","-459,279,160","369,480,870","953,486,360","-1,428,486,360","472,121,240","-572,606,500","-474,475,680","-708,658,620","794,281,180","-998,280,720","-274,612,300","-718,243,400",,"-652,528,560","-574,775,280","-643,431,660","-1,672,613,700","359,281,440","-73,658,070","-1,069,010,550","-8,274,519,480","2,748,960,230","6,604,672,860","658,241,200","5,615,091,410","3,242,987,020","9,551,753,110","1,948,379,350","4,433,343,120","-530,588,450","2,611,842,950","-6,033,337,050","-4,464,048,540","-1,844,018,897.45","1,172,830,749.68","-7,124,506,124.08","-2,752,545,967.08","-3,539,246,335.5","-1,927,375,030.46","-7,018,301,116.54","-5,503,118,153.52","-2,445,617,679.96","-1,418,625,077.94","-4,180,461,002.86","-2,998,776,869.19","-799,783,928.4","352,500,845.09","-3,955,911,419.97","-1,540,130,981.52","-1,681,948,551.03","-1,032,585,309","-2,936,141,490","-1,107,452,528","-1,968,794,600",,,"-2,205,843,328","-1,781,884,489","-59,825,260","-2,870,407,360","-1,990,336,016","-1,610,245,248",,,,,,,,,,,,,,,,,,,,,,,,
DilutedNIAvailtoComStockholders,"1,171,776,000,000","107,000,000,000","371,891,000,000","459,634,000,000","233,251,000,000","12,644,000,000","229,538,000,000","187,887,000,000","152,122,000,000","87,861,000,000","428,962,000,000","173,001,000,000","226,447,000,000","-16,826,000,000","295,897,000,000","130,852,000,000","80,871,000,000","27,650,000,000","19,631,000,000","4,842,000,000","21,166,000,000","-88,337,000,000","120,134,000,000","33,553,000,000","82,441,000,000","-106,790,000,000","89,971,000,000","-135,969,000,000","26,808,000,000","-139,541,000,000","26,979,000,000","-19,287,000,000","3,480,000,000","93,908,000,000","-10,763,000,000","-15,470,000,000","-24,641,000,000","-255,213,000,000","-158,968,000,000","-26,977,000,000","-15,502,000,000","-388,802,000,000","72,334,000,000","31,146,000,000","25,737,000,000","-56,568,000,000","79,167,000,000","-26,308,000,000","-37,093,000,000","-165,140,000,000","10,409,000,000","20,769,312,480","35,046,729,300","35,691,840,340","196,266,908,360","73,599,485,390","66,506,556,600","-67,589,023,370","159,990,472,320","1,652,424,340","32,180,485,300","-66,687,266,970","169,133,190,640","28,594,122,480","-7,320,725,280","-55,301,153,140","143,238,255,200","52,712,666,280","23,382,273,400","-38,250,743,190","92,868,636,260","33,117,751,260","1,077,844,320","-108,995,627,390","124,124,002,750","43,927,963,710","57,489,124,810","-5,384,147,830","63,849,396,400","-13,261,173,330","-30,309,455,610","13,116,561,030","71,975,425,400","19,895,978,880","-89,244,977,290","-40,950,106,050","93,874,634,100","46,234,788,450","18,457,035,417.27","-15,600,652,811.4","110,314,775,502.04","45,714,181,627.14","40,344,907,481.46","21,373,795,939.38","111,045,369,837.18","55,881,189,099.52","35,014,531,851.6","12,052,443,832.56","75,404,023,879.1","34,766,829,120.9","17,222,475,085.3","1,508,412,245.56","37,195,098,918.69","8,670,191,628.48","7,464,214,462.14","-1,817,998,281","25,141,333,572","-316,286,464,403","3,888,369,335","-11,526,712,890","16,796,499,825","2,301,288,472","7,671,706,273","-8,719,852,444","27,094,149,472","3,009,483,976","14,907,348,585","-21,895,865,403","97,106,666,541","21,664,675,968","23,310,313,248","15,537,588,000","49,964,040,420","27,446,482,266","24,412,888,020","10,804,223,830","42,066,685,942","25,956,264,660",,,,,,,,,,,,,
BasicEPS,,,"301.09","374.34","191.09","10.33","187.02","151.89","121.78","69.68","337.97","136.38","178.66",,"234.08","103.57","64.03","21.9","15.55","3.84","16.78","-70.03","95.25","26.64","70.52","-91.39","78.12","-124.32","25.69","-132.97","26","-18.91","3.44",,"-10.72","-15.41","-24.55",,"-158.4","-26.88","-15.45",,"72.08","31.04","25.65",,"78.89","-26.22","-36.96",,"10.37","20.701","34.925",,"195.596","73.485","66.507",,"159.514","1.18","32.066",,"170.078","28.367","-8.874",,"154.935","57.225","25.014",,"100.804","35.682","1.198",,"134.22","47.457","62.15",,"69.774","-14.336","-32.43",,"79.081","21.626","-97.628",,"113.509","56.332","23.028",,"134.438","56.096","50.015",,"138.634","61.455","38.978",,"82.388","37.876","19.215",,"45.388","10.852","10.188",,"30.854","-377.72","5.906",,"21.205","3.182","10.67",,"33.696","4.796","18.87",,"117.432","26.55","28.948",,"66.492","37.314","33.484",,"56.051","34.887","34.548",,"43.879","20.078","25.365",,"16.999","20.454","10.291","13.86","31.986","40.507",
DilutedEPS,,,"297.35","367.82","186.94","10.102","182.89","148.59","119.22","68.23","330.77","133.43","174.8",,"228.91","101.35","62.7","21.45","15.24","3.76","16.44","-70.03","93.33","26.1","70.36","-91.39","76.96","-124.32","22.94","-132.97","23.09","-18.91","2.98",,"-10.72","-15.41","-24.55",,"-158.4","-26.88","-15.45",,"71.96","31","25.61",,"78.76","-26.22","-36.96",,"9.98","19.793","33.342",,"186.655","70.04","62.812",,"152.372","1.18","30.921",,"161.81","27.232","-8.874",,"137.492","52.823","23.926",,"93.298","33.452","1.198",,"124.718","45.023","58.565",,"64.508","-14.336","-32.43",,"73.351","20.545","-97.628",,"102.26","51.018","20.604",,"119.627","50.623","44.458",,"120.324","61.455","38.978",,"82.388","37.876","19.215",,"45.388","10.852","10.188",,"30.854","-377.72","5.906",,"21.205","3.182","10.67",,"33.696","4.796","18.87",,"117.432","26.55","28.948",,"66.492","37.314","33.484",,"56.051","34.887","34.548",,"42.626","20.078","24.03",,"15.785","18.993","10.291","13.86","30.303","36.649",
BasicAverageShares,,,"1,235,162,000","1,227,845,000","1,220,629,000","1,224,106,000","1,227,355,000","1,243,086,000","1,249,160,000","1,261,003,000","1,269,243,000","1,268,535,000","1,267,499,000",,"1,264,083,000","1,263,452,000","1,262,920,000","1,262,507,000","1,262,223,000","1,261,840,000","1,261,523,000","1,237,802,000","1,229,937,000","1,259,567,000","1,168,969,000","1,168,521,000","1,151,770,000","1,093,725,000","1,043,681,000","1,039,666,000","1,037,640,000","1,019,875,000","1,010,916,000",,"1,003,594,000","1,003,591,000","1,003,572,000",,"1,003,581,000","1,003,582,000","1,003,572,000",,"1,003,562,000","1,003,556,000","1,003,538,000",,"1,003,514,000","1,003,523,000","1,003,529,000",,"1,003,516,000","1,003,495,000","1,003,466,000",,"1,003,126,000","1,002,981,000","1,002,496,000",,"1,001,333,000","1,001,293,000","1,001,206,000",,"997,683,000","996,523,000","996,087,000",,"925,368,000","925,227,000","924,955,000",,"925,086,000","923,326,000","921,748,000",,"920,961,000","918,534,000","918,517,000",,"918,470,000","918,464,000","918,415,000",,"914,952,000","913,351,000","910,890,000",,"826,274,000","823,516,000","820,530,000",,"819,848,000","819,844,000","818,472,000",,"768,348,000","768,348,000","768,348,000",,"748,136,000","748,136,000","748,136,000",,"747,822,000","747,822,000","747,822,000",,"814,838,710","837,356,021","658,333,333",,"792,105,263","723,333,333","719,000,000",,"804,074,074","627,500,000","790,000,000",,"826,914,894","816,000,000","805,238,095",,"751,428,571","735,555,556","729,090,909",,"750,512,821","744,000,000","621,788,000",,"621,788,000","621,788,000","621,788,000",,"621,788,000","621,788,000","621,788,000","621,788,000","621,788,000","621,788,000",
DilutedAverageShares,,,"1,250,693,000","1,249,629,000","1,247,718,000","1,251,684,000","1,255,030,000","1,270,343,000","1,276,014,000","1,287,808,000","1,296,840,000","1,296,562,000","1,295,434,000",,"1,292,615,000","1,291,038,000","1,289,882,000","1,288,794,000","1,288,372,000","1,288,270,000","1,287,215,000","1,257,883,000","1,248,258,000","1,285,541,000","1,171,746,000","1,168,521,000","1,168,990,000","1,093,725,000","1,168,516,000","1,039,666,000","1,168,523,000","1,019,875,000","1,167,836,000",,"1,003,594,000","1,003,591,000","1,003,572,000",,"1,003,581,000","1,003,582,000","1,003,572,000",,"1,003,562,000","1,004,698,000","1,005,110,000",,"1,005,137,000","1,003,523,000","1,003,529,000",,"1,043,455,000","1,049,952,000","1,051,148,000",,"1,052,176,000","1,051,680,000","1,052,584,000",,"1,048,692,000","1,049,549,000","1,049,969,000",,"1,045,558,000","1,044,215,000","996,087,000",,"1,045,178,000","1,000,494,000","1,000,348,000",,"1,000,852,000","1,000,749,000","925,537,000",,"999,828,000","997,504,000","997,579,000",,"996,345,000","918,464,000","918,415,000",,"994,091,000","994,251,000","994,449,000",,"927,618,000","927,656,000","927,484,000",,"927,426,000","927,780,000","927,946,000",,"768,348,000","768,348,000","768,348,000",,"748,136,000","748,136,000","748,136,000",,"747,822,000","747,822,000","747,822,000",,"814,838,710","837,356,021","658,333,333",,"792,105,263","723,333,333","719,000,000",,"804,074,074","627,500,000","790,000,000",,"826,914,894","816,000,000","805,238,095",,"751,428,571","735,555,556","729,090,909",,"750,512,821","744,000,000","621,788,000",,"621,788,000","621,788,000","621,788,000",,"621,788,000","621,788,000","621,788,000","621,788,000","621,788,000","621,788,000",
TotalOperatingIncomeAsReported,"971,865,000,000","66,480,000,000","359,226,000,000","317,764,000,000","228,395,000,000","35,447,000,000","300,132,000,000","278,955,000,000","230,925,000,000","82,730,000,000","376,988,000,000","239,511,000,000","195,006,000,000","22,184,000,000","350,837,000,000","204,228,000,000","157,611,000,000","94,391,000,000","92,372,000,000","45,747,000,000","56,192,000,000","-92,873,000,000","202,145,000,000","88,018,000,000","96,907,000,000","-97,773,000,000","182,095,000,000","-85,588,000,000","69,814,000,000","-114,958,000,000","90,332,000,000","14,764,000,000","36,357,000,000","147,145,000,000","46,429,000,000","30,251,000,000","6,275,000,000","-1,412,000,000","-91,728,000,000","-1,635,000,000","27,500,000,000","-73,368,000,000","137,522,000,000","68,651,000,000","67,016,000,000","-56,039,000,000","146,103,000,000","-32,592,000,000","-25,700,000,000","-294,308,000,000","-17,962,000,000","11,020,451,520","73,598,131,530","2,737,274,940","185,648,823,910","90,363,174,730","99,513,514,320","-113,477,064,680","178,917,916,590","-20,891,364,870","26,912,505,500","-62,433,304,710","203,030,694,630","66,152,275,420","-15,417,891,120","-76,439,323,700","137,594,914,200","43,028,502,120","9,896,683,160","-109,970,163,450","159,142,097,240","33,340,766,420","16,646,706,720","-113,629,882,800","197,529,393,850","50,377,221,540","52,110,724,360","-22,942,802,910","158,241,184,480","-3,345,160,840","2,993,526,480","-12,503,965,840","146,013,840,700","60,661,109,520","34,063,778,490","-44,077,858,400","164,638,519,500","69,724,186,720","42,304,932,520.94","-36,194,151,190.32","176,215,488,743.76","111,526,545,967.98","91,122,498,969.66","60,401,601,744.43","225,009,255,372.91","139,796,962,811.2","97,825,280,399","69,154,291,766.1","164,548,821,343.74","80,897,461,861.89","55,724,099,750.5","50,782,983,733.53","110,485,555,650.74","61,087,817,598.1","15,685,479,816.69","26,326,859,563","70,576,879,002","-298,231,033,009","31,608,997,303",,,"12,301,818,560","25,223,801,988","5,505,992,008","56,983,826,112","27,265,205,424","36,935,000,376","-18,109,753,280","78,554,833,296","47,112,705,276","58,778,932,992","39,407,504,145","94,662,994,560","73,812,518,521","90,619,909,770","118,448,723,055","91,189,997,370","37,455,169,004",,,,,,,,,,,,,
TotalExpenses,"8,031,514,000,000","2,151,316,000,000","2,341,806,000,000","1,798,142,000,000","1,751,498,000,000","1,696,102,000,000","2,183,800,000,000","1,848,074,000,000","1,699,698,000,000","2,018,253,000,000","2,135,157,000,000","1,932,207,000,000","1,754,404,000,000","1,885,762,000,000","2,338,898,000,000","1,861,230,000,000","1,727,729,000,000","1,827,550,000,000","2,193,428,000,000","1,612,781,000,000","1,535,351,000,000","1,855,750,000,000","2,352,193,000,000","1,813,610,000,000","1,745,029,000,000","2,013,796,000,000","2,383,918,000,000","1,808,917,000,000","1,762,964,000,000","1,945,423,000,000","2,279,200,000,000","1,771,505,000,000","1,688,603,000,000","1,803,065,000,000","1,902,209,000,000","1,376,455,000,000","1,353,163,000,000","2,199,068,000,000","1,618,231,000,000","1,545,855,000,000","1,293,715,000,000","1,667,815,000,000","2,069,215,000,000","1,666,773,000,000","1,469,061,000,000","1,579,623,000,000","1,913,281,000,000","1,505,088,000,000","1,439,461,000,000","1,623,938,000,000","2,025,982,000,000","2,053,618,754,400","1,909,197,129,170","1,593,044,070,470","2,617,413,701,580","1,989,367,681,540","1,879,549,185,690","1,655,053,344,120","2,429,617,217,300","1,875,501,625,900","1,710,032,051,600","1,901,756,343,270","2,166,723,730,650","1,643,935,105,120","1,587,931,865,280","1,809,884,635,020","2,002,359,993,000","1,644,657,197,400","1,613,485,619,360","1,887,726,381,830","2,169,437,080,300","1,771,855,446,200","1,583,952,108,480","1,817,021,271,580","2,086,708,593,600","1,734,606,988,050","1,677,224,300,330","1,917,536,988,820","2,122,959,518,240","1,797,307,131,320","1,644,568,609,950","2,043,091,897,100","1,957,204,362,350","1,636,444,262,880","1,544,330,742,570","1,482,225,556,150","1,756,212,381,300","1,552,107,162,610","1,442,365,645,335.37","1,615,844,061,875.48","1,736,978,609,520","1,663,163,442,250.7","1,502,434,312,736.16","1,638,582,644,928.86","1,799,901,142,344.54","1,491,896,668,970.16","1,340,543,211,458.92","1,385,076,484,974.41","1,502,787,540,044.57","1,282,521,244,927.57","1,125,035,980,622","1,194,036,876,698.86","1,234,496,268,834.9","1,101,227,982,146.88","875,945,493,098.76","874,022,695,912","1,067,461,609,500","1,279,740,499,856","828,015,944,922",,,"935,521,486,440","801,154,472,195","938,623,277,572","1,046,587,963,552","1,006,858,234,600","883,559,179,635","931,426,439,634","1,070,484,503,096","926,576,420,276","822,436,374,336","848,249,628,195","944,893,009,920","849,970,291,443","762,887,530,620","699,401,034,774","783,745,331,218","621,861,863,322",,,,,,,,,,,,,
NetIncomeFromContinuingAndDiscontinuedOperation,"1,171,776,000,000","107,000,000,000","371,891,000,000","459,634,000,000","233,251,000,000","12,644,000,000","229,538,000,000","187,887,000,000","152,122,000,000","87,861,000,000","428,962,000,000","173,001,000,000","226,447,000,000","-16,826,000,000","295,897,000,000","130,852,000,000","80,871,000,000","27,650,000,000","19,631,000,000","4,842,000,000","21,166,000,000","-88,337,000,000","120,134,000,000","33,553,000,000","82,441,000,000","-106,790,000,000","89,971,000,000","-135,969,000,000","26,808,000,000","-139,541,000,000","26,979,000,000","-19,287,000,000","3,480,000,000","93,908,000,000","-10,763,000,000","-15,470,000,000","-24,641,000,000","-255,213,000,000","-158,968,000,000","-26,977,000,000","-15,502,000,000","-388,802,000,000","72,334,000,000","31,146,000,000","25,737,000,000","-56,568,000,000","79,167,000,000","-26,308,000,000","-37,093,000,000","-165,140,000,000","10,409,000,000","20,769,312,480","35,046,729,300","35,691,840,340","196,266,908,360","73,599,485,390","66,506,556,600","-67,589,023,370","159,990,472,320","1,652,424,340","32,180,485,300","-66,687,266,970","169,133,190,640","28,594,122,480","-7,320,725,280","-55,200,186,300","143,238,255,200","52,712,666,280","28,167,482,840","-38,310,444,390","92,868,636,260","35,236,395,280","1,077,844,320","-108,995,627,390","124,124,002,750","43,927,963,710","57,489,124,810","-5,440,917,580","63,849,396,400","-13,261,173,330","-36,296,508,570","17,228,602,550","71,975,425,400","19,895,978,880","13,476,946,630","-40,950,106,050","93,874,634,100","46,234,788,450","18,457,035,417.27","-15,600,652,811.4","110,314,775,502.04","45,714,181,627.14","40,344,907,481.46","21,373,795,939.38","111,045,369,837.18","55,881,189,099.52","35,014,531,851.6","12,052,443,832.56","75,404,023,879.1","34,766,829,120.9","17,222,475,085.3","1,508,412,245.56","37,195,098,918.69","8,670,191,628.48","7,464,214,462.14","-1,817,998,281","25,141,333,572","-316,286,464,403","3,888,369,335","-11,526,712,890","16,796,499,825","2,301,288,472","7,671,706,273","-8,719,852,444","27,094,149,472","3,009,483,976","14,907,348,585","-21,895,865,403","97,106,666,541","21,664,675,968","23,310,313,248","15,537,588,000","49,964,040,420","27,446,482,266","24,412,888,020","10,804,223,830","42,066,685,942","25,956,264,660",,,,,,,,,,,,,
NormalizedIncome,"947,970,030,000","90,807,800,000","277,718,813,713.024","470,108,298,600","162,327,648,507.904","37,516,036,200","224,420,870,292.375","203,616,621,937.168","153,108,616,791.765","-149,769,971.767","456,405,048,800","169,193,815,323.176","138,565,830,835.09","-8,068,727,600","301,751,095,561.598","135,381,713,554.755","89,092,642,671.968","134,575,701,400","35,304,681,200","6,484,695,000","20,084,633,000","-50,304,002,758.828","121,369,320,000","41,451,883,000","50,330,332,000","38,807,659,053.144","96,331,725,000","-135,815,530,000","24,812,078,213.434","-101,457,345,000","24,996,555,000","-15,007,720,000","-1,132,295,000","-71,175,154,903.092","-2,302,780,000","-12,314,180,000","87,462,875,000","-322,754,700,000","-149,989,100,000","-8,739,900,000","104,487,800,000","-404,888,700,000","76,236,563,386.171","34,723,384,394.585","12,263,400,000","-102,249,063,533.619","-22,984,189,803.415","-37,085,331,375.543","-35,856,863,768.82","-131,516,200,000","-48,449,100,000","-57,486,489,900","43,262,918,455.455","91,037,989,884","135,710,296,202","45,715,086,637.621","79,179,750,441","-46,453,660,712.572","155,135,257,374.375","5,761,054,090.362","21,392,578,840","-52,461,794,682","156,721,544,621.62","25,462,385,256","-23,559,424,992","-56,011,592,870.946","129,840,887,897.447","40,761,141,197.053","31,495,378,496","-35,991,628,728","97,308,314,714","30,967,087,431.134","-13,652,694,720","-109,359,103,779.937","120,379,218,254.714","42,759,796,254","83,950,855,024","-11,479,432,552","84,533,003,684.507","-19,855,918,986","-30,608,808,258","-9,730,613,906.6","75,620,040,890","6,660,827,712","7,109,885,230","-44,295,226,034.369","88,773,428,005.765","30,483,074,316","14,560,853,156.088","-9,830,826,237.912","74,947,744,568.752","46,104,529,258.32","36,898,299,789.984","28,619,552,919.084","109,690,153,181.64","67,623,078,394.96","32,334,429,270.192","13,711,098,177.372","77,330,661,033.452","35,650,186,640.196","16,594,506,353.38","-1,780,079,236.88","52,199,710,321.476","28,020,558,277.848","-5,238,958,578.948","1,944,230,923.8","21,355,204,003.2","-322,225,178,584.4","-1,267,903,722.4","-11,526,712,890","16,796,499,825","-11,640,065,561.6","-11,156,517,495.2","-48,430,969,014.4","16,079,273,228.8","-3,443,521,107.2","4,725,063,399.6","-112,153,925,202.987","37,226,966,850.888","8,833,134,429.6","8,877,493,632","2,681,210,490","27,997,231,992","21,293,826,724.8","20,495,258,733","37,815,655,066","27,346,938,848.8","19,512,435,981.82",,,,,,,,,,,,,
InterestIncome,"10,457,000,000","3,348,000,000","1,753,000,000","2,520,000,000","2,836,000,000","4,620,000,000","3,900,000,000","4,953,000,000","5,805,000,000","5,877,000,000","6,436,000,000","4,571,000,000","4,734,000,000","3,228,000,000","3,519,000,000","4,252,000,000","8,785,000,000","3,600,000,000","2,502,000,000","2,130,000,000","3,227,000,000","3,400,000,000","2,739,000,000","3,664,000,000","2,652,000,000","3,727,000,000","3,408,000,000","2,337,000,000","3,415,000,000","5,571,000,000","1,637,000,000","5,557,000,000","3,887,000,000","10,390,000,000","2,689,000,000","3,198,000,000","5,710,000,000","6,017,000,000","2,469,000,000","2,341,000,000","4,274,000,000","3,518,000,000","2,585,000,000","2,467,000,000","3,213,000,000","3,050,000,000","2,060,000,000","3,661,000,000","4,420,000,000","3,784,000,000","4,220,000,000",,,,,,,,,,,,,,,,,,,,,,,,,,,,,,,,,,,,,,,,,,,,,,,,,,,,,,,,,,,,,,,,,,,,,,,,,,,,,,,,,,,,,,,,,,
InterestExpense,"12,185,000,000","4,920,000,000","2,756,000,000","2,704,000,000","1,805,000,000","2,297,000,000","1,129,000,000","2,784,000,000","4,880,000,000","1,763,000,000","3,510,000,000","3,876,000,000","3,318,000,000","2,784,000,000","3,536,000,000","2,730,000,000","4,516,000,000","2,642,000,000","3,749,000,000","4,352,000,000","3,801,000,000","5,965,000,000","8,346,000,000","6,581,000,000","4,394,000,000","5,199,000,000","5,942,000,000","6,047,000,000","6,412,000,000","5,180,000,000","4,232,000,000","7,092,000,000","6,956,000,000","5,826,000,000","7,356,000,000","204,390,000,000","7,563,000,000","-510,666,000,000","191,404,000,000","6,449,000,000","6,112,000,000","7,391,000,000","4,556,000,000","5,860,000,000","142,202,000,000","168,903,000,000","172,918,000,000","171,498,000,000","180,736,000,000","151,704,000,000","139,645,000,000",,,,,,,,,,,,,,,,,,,,,,,,,,,,,,,,,,,,,,,,,,,,,,,,,,,,,,,,,,,,,,,,,,,,,,,,,,,,,,,,,,,,,,,,,,
NetInterestIncome,"-1,728,000,000","-1,572,000,000","-1,003,000,000","-184,000,000","1,031,000,000","2,323,000,000","2,771,000,000","2,169,000,000","925,000,000","4,114,000,000","2,926,000,000","695,000,000","1,416,000,000","444,000,000","-17,000,000","1,522,000,000","4,269,000,000","958,000,000","-1,247,000,000","-2,222,000,000","-574,000,000","-2,565,000,000","-5,607,000,000","-2,917,000,000","-1,742,000,000","-1,472,000,000","-2,534,000,000","-3,710,000,000","-2,997,000,000","391,000,000","-2,595,000,000","-1,535,000,000","-3,069,000,000","4,564,000,000","-4,667,000,000","-201,192,000,000","-1,853,000,000","516,683,000,000","-188,935,000,000","-4,108,000,000","-1,838,000,000","-3,873,000,000","-1,971,000,000","-3,393,000,000","-138,989,000,000","-165,853,000,000","-170,858,000,000","-167,837,000,000","-176,316,000,000","-147,920,000,000","-135,425,000,000",,,,,,,,,,,,,,,,,,,,,,,,,,,,,,,,,,,,,,,,,,,,,,,,,,,,,,,,,,,,,,,,,,,,,,,,,,,,,,,,,,,,,,,,,,
EBIT,"1,204,555,000,000","100,396,000,000","480,127,000,000","302,308,000,000","321,724,000,000","-1,686,000,000","311,450,000,000","264,878,000,000","235,898,000,000","114,397,000,000","344,040,000,000","250,274,000,000","315,404,000,000","11,255,000,000","346,655,000,000","201,295,000,000","153,410,000,000","90,498,000,000","69,976,000,000","44,872,000,000","60,817,000,000","-93,715,000,000","201,626,000,000","78,775,000,000","143,104,000,000","-101,322,000,000","173,770,000,000","-83,908,000,000","74,789,000,000","-111,065,000,000","94,001,000,000","13,056,000,000","53,209,000,000","193,014,000,000","36,786,000,000","224,040,000,000","16,976,000,000","-511,152,000,000","85,490,000,000","6,544,000,000","29,231,000,000","-60,751,000,000","136,091,000,000","68,569,000,000","221,113,000,000","121,920,000,000","296,783,000,000","154,472,000,000","147,792,000,000","-159,931,000,000","206,096,000,000","11,020,451,520","73,598,131,530","647,809,274,940","185,648,823,910","90,363,174,730","99,513,514,320","484,184,935,320","178,917,916,590","-20,891,364,870","26,912,505,500","-62,433,304,710","203,030,694,630","66,152,275,420","-15,417,891,120","-76,439,323,700","137,594,914,200","43,028,502,120","9,896,683,160","-109,970,163,450","159,142,097,240","33,340,766,420","16,646,706,720","-113,629,882,800","197,529,393,850","50,377,221,540","52,110,724,360","-22,942,802,910","158,241,184,480","-3,345,160,840","2,993,526,480","-12,503,965,840","146,013,840,700","60,661,109,520","34,063,778,490","-44,077,858,400","164,638,519,500","69,724,186,720","42,304,932,520.94","-36,194,151,190.32","176,215,488,743.76","111,526,545,967.98","91,122,498,969.66","60,401,601,744.43","225,009,255,372.91","139,796,962,811.2","97,825,280,399","69,154,291,766.1","164,548,821,343.74","80,897,461,861.89","55,724,099,750.5","50,782,983,733.53","110,485,555,650.74","61,087,817,598.1","15,685,479,816.69","26,326,859,563","70,576,879,002","-298,231,033,009","31,608,997,303","-2,649,648,230,274","1,035,601,868,280","12,301,818,560","25,223,801,988","5,505,992,008","56,983,826,112","27,265,205,424","36,935,000,376","-18,109,753,280","78,554,833,296","47,112,705,276","58,778,932,992","39,407,504,145","94,662,994,560","73,812,518,521","90,619,909,770","118,448,723,055","91,189,997,370","37,455,169,004","572,974,997,640","-1,449,900,061,191","615,716,358,208","524,200,240,507","458,414,531,970","-967,058,471,412","349,385,014,100","420,404,418,950","392,140,444,575","308,437,406,689","326,610,654,933","398,838,797,739","-1,072,693,104,706"
EBITDA,"1,868,292,000,000"
ReconciledCostOfRevenue,"6,561,559,000,000","1,705,178,000,000","1,931,676,000,000","1,474,373,000,000","1,450,332,000,000","1,298,592,000,000","1,783,768,000,000","1,493,158,000,000","1,349,531,000,000","1,618,343,000,000","1,705,132,000,000","1,535,078,000,000","1,404,643,000,000","1,461,755,000,000","1,923,366,000,000","1,474,951,000,000","1,370,350,000,000","1,409,690,000,000","1,781,776,000,000","1,274,434,000,000","1,197,254,000,000","1,422,268,000,000","1,890,775,000,000","1,395,302,000,000","1,366,307,000,000","1,505,267,000,000","1,910,636,000,000","1,389,714,000,000","1,352,517,000,000","1,473,088,000,000","1,820,386,000,000","1,359,127,000,000","1,303,610,000,000","1,412,335,000,000","1,513,522,000,000","1,044,996,000,000","1,006,413,000,000","1,844,394,000,000","1,262,557,000,000","1,200,462,000,000","973,569,000,000","1,777,845,000,000","1,492,388,000,000","1,127,627,000,000","1,109,291,000,000","1,185,478,000,000","1,510,841,000,000","1,134,820,000,000","1,061,424,000,000","1,213,948,000,000","1,564,079,000,000","1,509,166,062,960","1,370,220,913,420","1,123,373,875,940","2,123,169,812,760","1,501,842,853,200","1,330,623,773,160","1,569,501,125,770","1,820,843,946,880","1,424,389,781,080","1,207,054,502,000","1,296,264,570,500","1,575,820,551,340","1,184,727,114,340","1,105,984,117,680","1,248,730,012,400","1,483,685,652,000","1,173,984,809,760","1,110,929,873,400","1,242,161,534,350","1,555,067,083,610","1,214,652,068,940","1,185,868,272,960","1,313,929,676,310","1,614,918,604,200","1,307,495,761,950","1,141,177,055,480","1,333,126,914,570","1,546,076,930,560","1,371,515,944,400","1,229,840,462,200","1,570,042,283,680","1,534,864,485,600","1,239,822,249,120","1,181,196,007,390","1,147,942,492,850","1,363,125,133,500","1,187,330,624,770","1,092,438,607,962.73","1,237,837,335,221.4","1,348,280,484,793.12","1,270,749,280,884.46","1,145,957,253,919.2","1,259,183,954,830.87","1,429,741,277,600.72","1,184,735,940,046.16","1,043,838,531,282.12","1,076,165,173,328.8","1,199,821,782,008.76","1,011,553,308,803.7","875,026,203,726.6","656,980,123,513.17","932,100,371,483.22","797,152,046,212.66","636,625,125,090.69","614,419,917,775","763,287,304,158","688,993,679,920","559,432,985,590",,,"654,382,512,280","540,135,069,474","632,499,039,016","730,331,472,640","703,811,591,200","594,205,656,594","630,646,306,287","756,390,098,082","630,744,738,936","556,594,037,856","562,329,749,475","652,897,838,340","577,315,886,294","507,495,846,720","451,388,162,670","544,021,271,938","418,244,735,551",,,,,,,,,,,,,
ReconciledDepreciation,"663,737,000,000","179,325,000,000","178,841,000,000","158,612,000,000","146,959,000,000","252,374,000,000","165,738,000,000","178,381,000,000","149,958,000,000","211,976,000,000","204,825,000,000","161,474,000,000","144,244,000,000","202,822,000,000","187,792,000,000","167,523,000,000","162,581,000,000","174,460,000,000","146,196,000,000","149,111,000,000","154,786,000,000","220,905,000,000","173,049,000,000","152,347,000,000","150,377,000,000","185,593,000,000","147,357,000,000","139,425,000,000","155,190,000,000","230,231,000,000","150,501,000,000","144,442,000,000","137,194,000,000","149,380,000,000","139,997,000,000","164,177,000,000","85,051,000,000","75,311,000,000","82,717,000,000","83,372,000,000","78,194,000,000","79,729,000,000","-28,793,000,000","139,306,000,000","135,124,000,000","-104,595,000,000","175,734,000,000","212,625,000,000","87,240,000,000","104,858,000,000","-18,584,230,560","173,141,191,810","146,028,038,750","-118,653,695,210","179,470,006,790","172,600,430,220","194,593,258,200","-146,387,032,700","212,724,346,330","163,722,077,170","169,949,609,200","199,182,097,340","115,794,991,110","209,924,541,580","143,530,583,520","175,674,001,420","172,415,822,120","159,820,911,960","141,598,697,520","196,581,864,210","169,009,132,350","171,209,214,900","136,886,228,640","179,697,143,120","178,489,946,840","158,289,327,390","146,651,052,270","171,682,882,540","154,828,914,750","135,859,364,910","135,457,073,220","188,520,533,410","144,806,952,020","133,119,100,390","131,692,053,290",,,,,,,,,,,,,,,,,,,,,"52,893,831,865","54,343,500,120","56,371,311,269","51,041,000,005",,,"58,200,327,808","56,604,174,935","69,458,336,092","72,359,225,536","65,045,619,800","68,208,982,302","73,497,430,727","69,010,321,108","65,259,526,384","57,565,859,328","61,445,970,600","55,907,617,200","51,562,349,111","45,994,855,110","48,109,110,952","46,335,153,904","37,022,564,593",,,,,,,,,,,,,
NetIncomeFromContinuingOperationNetMinorityInterest,"1,171,776,000,000","107,000,000,000","371,891,000,000","459,634,000,000","233,251,000,000","12,644,000,000","229,538,000,000","187,887,000,000","152,122,000,000","87,861,000,000","428,962,000,000","173,001,000,000","226,447,000,000","-16,826,000,000","295,897,000,000","130,852,000,000","80,871,000,000","27,650,000,000","19,631,000,000","4,842,000,000","21,166,000,000","-88,337,000,000","120,134,000,000","33,553,000,000","82,441,000,000","-106,790,000,000","89,971,000,000","-135,969,000,000","26,808,000,000","-139,541,000,000","26,979,000,000","-19,287,000,000","3,480,000,000","93,908,000,000","-10,763,000,000","-15,470,000,000","-24,641,000,000","-255,213,000,000","-158,968,000,000","-26,977,000,000","-15,502,000,000","-388,802,000,000","72,334,000,000","31,146,000,000","25,737,000,000","-56,568,000,000","79,167,000,000","-26,308,000,000","-37,093,000,000","-165,140,000,000","10,409,000,000","20,769,312,480","35,046,729,300","35,691,840,340","196,266,908,360","73,599,485,390","66,506,556,600","-67,589,023,370","159,990,472,320","1,652,424,340","32,180,485,300","-66,687,266,970","169,133,190,640","28,594,122,480","-7,320,725,280","-55,200,186,300","143,238,255,200","52,712,666,280","28,167,482,840","-38,310,444,390","92,868,636,260","35,236,395,280","1,077,844,320","-108,995,627,390","124,124,002,750","43,927,963,710","57,489,124,810","-5,440,917,580","63,849,396,400","-13,261,173,330","-36,296,508,570","17,228,602,550","71,975,425,400","19,895,978,880","13,476,946,630","-40,950,106,050","93,874,634,100","46,234,788,450","18,457,035,417.27","-15,600,652,811.4","110,314,775,502.04","45,714,181,627.14","40,344,907,481.46","21,373,795,939.38","111,045,369,837.18","55,881,189,099.52","35,014,531,851.6","12,052,443,832.56","75,404,023,879.1","34,766,829,120.9","17,222,475,085.3","1,508,412,245.56","37,195,098,918.69","8,670,191,628.48","7,464,214,462.14","-1,817,998,281","25,141,333,572","-316,286,464,403","3,888,369,335","-11,526,712,890","16,796,499,825","2,301,288,472","7,671,706,273","-8,719,852,444","27,094,149,472","3,009,483,976","14,907,348,585","-21,895,865,403","97,106,666,541","21,664,675,968","23,310,313,248","15,537,588,000","49,964,040,420","27,446,482,266","24,412,888,020","10,804,223,830","42,066,685,942","25,956,264,660",,,,,,,,,,,,,
TotalUnusualItemsExcludingGoodwill,"224,030,000,000","26,987,000,000","120,294,000,000","-15,097,000,000","91,846,000,000","-35,849,000,000","6,607,000,000","-20,596,000,000","-1,373,000,000","97,855,000,000","-39,692,000,000","5,013,000,000","115,790,000,000","-12,666,000,000","-6,379,000,000","-6,298,000,000","-12,968,000,000","-154,651,000,000","-23,138,000,000","-2,425,000,000","1,687,000,000","-50,471,000,000","-1,735,000,000","-11,807,000,000","45,036,000,000","-186,930,000,000","-9,565,000,000","-206,000,000","3,224,000,000","-51,119,000,000","2,661,000,000","-5,744,000,000","6,191,000,000","272,021,000,000","-11,356,000,000","-4,236,000,000","-150,475,000,000","90,660,000,000","-12,827,000,000","-26,053,000,000","-171,414,000,000","22,981,000,000","-6,115,000,000","-5,346,000,000","19,248,000,000","51,612,000,000","139,625,000,000","11,972,000,000","-1,962,000,000","-48,034,000,000","84,083,000,000","111,794,003,400","-11,788,445,310","-79,065,927,920","86,509,445,940","46,272,375,370","-18,104,562,630","-27,645,687,450","7,380,512,860","-5,783,485,190","17,979,844,100","-23,709,120,480","18,661,343,660","5,219,562,040","27,064,499,520","886,679,360","14,057,049,400","16,066,908,720","-5,546,492,760","-3,864,692,770","-7,399,464,090","5,575,379,000","24,550,898,400","438,593,050","5,701,389,600","1,946,945,760","-44,102,883,690","10,064,191,620","-33,307,004,720","10,991,242,760","-9,479,500,520","39,102,043,350","-6,074,359,150","22,058,585,280","10,611,769,000","5,029,931,700","8,385,315,900","26,252,856,890","6,493,637,101.97","-9,616,377,622.48","58,945,051,555.48","-650,579,385.3","5,744,346,152.46","-12,076,261,632.84","2,258,694,425.9","-19,569,815,492.4","4,466,837,635.68","-2,764,423,908.02","-3,211,061,923.92","-1,472,262,532.16","1,046,614,553.2","5,480,819,137.4","-25,007,685,671.31","-32,250,611,082.28","21,171,955,068.48","-6,270,382,008","6,310,215,948","9,897,856,969","8,593,788,429",,,"23,235,590,056","31,380,372,947","66,185,194,284","18,358,127,072","10,755,008,472","16,970,475,309","91,772,623,534","81,765,487,265","21,385,902,564","24,054,699,360","21,427,295,850","36,611,347,380","10,254,425,902","6,529,382,145","-45,019,052,060","24,532,911,822","8,945,142,821",,,,,,,,,,,,,
TotalUnusualItems,"224,030,000,000","26,987,000,000","120,294,000,000","-15,097,000,000","91,846,000,000","-35,849,000,000","6,607,000,000","-20,596,000,000","-1,373,000,000","97,855,000,000","-39,692,000,000","5,013,000,000","115,790,000,000","-12,666,000,000","-6,379,000,000","-6,298,000,000","-12,968,000,000","-154,651,000,000","-23,138,000,000","-2,425,000,000","1,687,000,000","-50,471,000,000","-1,735,000,000","-11,807,000,000","45,036,000,000","-186,930,000,000","-9,565,000,000","-206,000,000","3,224,000,000","-51,119,000,000","2,661,000,000","-5,744,000,000","6,191,000,000","272,021,000,000","-11,356,000,000","-4,236,000,000","-150,475,000,000","90,660,000,000","-12,827,000,000","-26,053,000,000","-171,414,000,000","22,981,000,000","-6,115,000,000","-5,346,000,000","19,248,000,000","51,612,000,000","139,625,000,000","11,972,000,000","-1,962,000,000","-48,034,000,000","84,083,000,000","111,794,003,400","-11,788,445,310","-79,065,927,920","86,509,445,940","46,272,375,370","-18,104,562,630","-27,645,687,450","7,380,512,860","-5,783,485,190","17,979,844,100","-23,709,120,480","18,661,343,660","5,219,562,040","27,064,499,520","886,679,360","14,057,049,400","16,066,908,720","-5,546,492,760","-3,864,692,770","-7,399,464,090","5,575,379,000","24,550,898,400","438,593,050","5,701,389,600","1,946,945,760","-44,102,883,690","10,064,191,620","-33,307,004,720","10,991,242,760","-9,479,500,520","39,102,043,350","-6,074,359,150","22,058,585,280","10,611,769,000","5,029,931,700","8,385,315,900","26,252,856,890","6,493,637,101.97","-9,616,377,622.48","58,945,051,555.48","-650,579,385.3","5,744,346,152.46","-12,076,261,632.84","2,258,694,425.9","-19,569,815,492.4","4,466,837,635.68","-2,764,423,908.02","-3,211,061,923.92","-1,472,262,532.16","1,046,614,553.2","5,480,819,137.4","-25,007,685,671.31","-32,250,611,082.28","21,171,955,068.48","-6,270,382,008","6,310,215,948","9,897,856,969","8,593,788,429",,,"23,235,590,056","31,380,372,947","66,185,194,284","18,358,127,072","10,755,008,472","16,970,475,309","91,772,623,534","81,765,487,265","21,385,902,564","24,054,699,360","21,427,295,850","36,611,347,380","10,254,425,902","6,529,382,145","-45,019,052,060","24,532,911,822","8,945,142,821",,,,,,,,,,,,,
NormalizedEBITDA,"1,644,262,000,000","252,734,000,000","538,674,000,000","476,017,000,000","376,837,000,000","286,537,000,000","470,581,000,000","463,855,000,000","387,229,000,000","228,518,000,000","588,557,000,000","406,735,000,000","343,858,000,000","226,743,000,000","540,826,000,000","375,116,000,000","328,959,000,000","419,609,000,000","239,310,000,000","196,408,000,000","213,916,000,000","177,661,000,000","376,410,000,000","242,929,000,000","248,445,000,000","271,201,000,000","330,692,000,000","55,723,000,000","226,755,000,000","170,285,000,000","241,841,000,000","163,242,000,000","184,212,000,000","70,373,000,000","188,139,000,000","392,453,000,000","252,502,000,000","-526,501,000,000","181,034,000,000","115,969,000,000","278,839,000,000","-4,003,000,000","142,206,000,000","213,221,000,000","336,989,000,000","70,308,000,000","332,892,000,000","355,125,000,000","236,994,000,000","-7,039,000,000","122,013,000,000","72,367,639,930","231,414,615,590","726,875,202,860","278,609,384,760","216,691,229,580","312,211,335,150","511,830,622,770","384,261,750,060","148,614,197,490","178,882,270,600","160,457,913,110","300,164,342,080","270,857,254,960","101,048,192,880","98,347,998,360","295,953,686,920","186,782,505,360","157,041,873,440","90,476,393,530","335,550,693,680","198,974,602,320","128,982,036,960","65,628,667,270","370,317,951,090","206,719,603,170","242,864,660,320","138,675,888,010","346,377,103,950","121,522,961,310","147,930,100,220","136,914,524,220","296,895,151,870","171,721,624,630","155,144,062,780","-49,107,790,100","156,253,203,600","43,471,329,830","35,811,295,418.97","-26,577,773,567.84","117,270,437,188.28","112,177,125,353.28","85,378,152,817.2","72,477,863,377.27","222,750,560,947.01","159,366,778,303.6","93,358,442,763.32","71,918,715,674.12","167,759,883,267.66","82,369,724,394.05","54,677,485,197.3","45,302,164,596.13","135,493,241,322.05","93,338,428,680.38","-5,486,475,251.79","85,491,073,436","118,610,163,174","-251,757,578,709","74,056,208,879","-2,649,648,230,274","1,035,601,868,280","47,266,556,312","50,447,603,976","8,779,133,816","110,984,924,576","81,555,816,752","88,173,507,369","-36,384,946,087","65,799,667,139","90,986,329,096","92,290,092,960","79,426,178,895","113,959,264,380","115,120,441,730","130,085,382,735","211,576,886,067","112,992,239,452","65,532,590,776","572,974,997,640","-1,449,900,061,191","615,716,358,208","524,200,240,507","458,414,531,970","-967,058,471,412","349,385,014,100","420,404,418,950","392,140,444,575","308,437,406,689","326,610,654,933","398,838,797,739","-1,072,693,104,706"
TaxRateForCalcs,"0.001","0.4","0.217","0.306","0.228","0.306","0.225","0.236","0.281","0.101","0.309","0.241","0.241","0.309","0.082","0.281","0.366","0.309","0.323","0.323","0.359","0.246","0.288","0.331","0.287","0.221","0.335","0.255","0.381","0.255","0.255","0.255","0.255","0.393","0.255","0.255","0.255","0.255","0.3","0.3","0.3","0.3","0.362","0.331","0.3","0.115","0.268","0.1","0.37","0.3","0.3","0.3","0.303","0.3","0.3","0.397","0.3","0.235","0.342","0.29","0.4","0.4","0.335","0.4","0.4","0.085","0.047","0.256","0.4","0.4","0.4","0.234","0.4","0.171","0.343","0.4","0.4","0.4","0.379","0.4","0.4","0.311","0.4","0.4","0.4","0.335","0.392","0.4","0.4","0.4","0.4","0.4","0.4","0.4","0.4","0.4","0.4","0.4","0.4","0.4","0.4","0.4","0.4","0.4","0.4","0.4","0.4","0.4","0.4","0.4","0.4","0.4","0.4","0.4","0.4","0.4","0.4","0.017","0.268","0.4","0.4","0.4","0.4","0.4","0.4","0.4","0.4","0.28",,,,,,,,,,,,,
TaxEffectOfUnusualItems,"224,030,000","10,794,800,000","26,121,813,713.024","-4,622,701,400","20,922,648,507.904","-10,976,963,800","1,489,870,292.375","-4,866,378,062.832","-386,383,208.235","9,844,230,028.233","-12,248,951,200","1,205,815,323.176","27,908,830,835.09","-3,908,727,600","-524,904,438.402","-1,768,286,445.245","-4,746,357,328.032","-47,725,298,600","-7,464,318,800","-782,305,000","605,633,000","-12,438,002,758.828","-499,680,000","-3,908,117,000","12,925,332,000","-41,332,340,946.856","-3,204,275,000","-52,530,000","1,228,078,213.434","-13,035,345,000","678,555,000","-1,464,720,000","1,578,705,000","106,937,845,096.908","-2,895,780,000","-1,080,180,000","-38,371,125,000","23,118,300,000","-3,848,100,000","-7,815,900,000","-51,424,200,000","6,894,300,000","-2,212,436,613.829","-1,768,615,605.415","5,774,400,000","5,930,936,466.381","37,473,810,196.585","1,194,668,624.457","-725,863,768.82","-14,410,200,000","25,224,900,000","33,538,201,020","-3,572,256,154.545","-23,719,778,376","25,952,833,782","18,387,976,617.621","-5,431,368,789","-6,510,324,792.572","2,525,297,914.375","-1,674,855,439.638","7,191,937,640","-9,483,648,192","6,249,697,641.62","2,087,824,816","10,825,799,808","75,272,789.054","659,682,097.447","4,115,383,637.053","-2,218,597,104","-1,545,877,108","-2,959,785,636","1,306,071,151.134","9,820,359,360","75,116,660.063","1,956,605,104.714","778,778,304","-17,641,153,476","4,025,676,648","-12,623,397,435.493","4,396,497,104","-3,791,800,208","12,142,826,893.4","-2,429,743,660","8,823,434,112","4,244,707,600","1,684,811,715.631","3,284,109,805.765","10,501,142,756","2,597,454,840.788","-3,846,551,048.992","23,578,020,622.192","-260,231,754.12","2,297,738,460.984","-4,830,504,653.136","903,477,770.36","-7,827,926,196.96","1,786,735,054.272","-1,105,769,563.208","-1,284,424,769.568","-588,905,012.864","418,645,821.28","2,192,327,654.96","-10,003,074,268.524","-12,900,244,432.912","8,468,782,027.392","-2,508,152,803.2","2,524,086,379.2","3,959,142,787.6","3,437,515,371.6","0","0","9,294,236,022.4","12,552,149,178.8","26,474,077,713.6","7,343,250,828.8","4,302,003,388.8","6,788,190,123.6","1,514,563,734.013","21,885,787,574.888","8,554,361,025.6","9,621,879,744","8,570,918,340","14,644,538,952","4,101,770,360.8","2,611,752,858","-18,007,620,824","9,813,164,728.8","2,501,314,142.82",,,,,,,,,,,,,